@Comment{$ biblatex control file $}
@Comment{$ biblatex bcf format version 3.8 $}
% Do not modify this file!
%
% This is an auxiliary file used by the 'biblatex' package.
% This file may safely be deleted. It will be recreated as
% required.

@Control{biblatex-control,
  options = {3.8:0:0:1:0:1:1:0:0:0:0:0:99:1:99:1:0:0:3:1:79:+:+:none},
}

@set{blx@fakeset-ZZ.14S,
  fakeset = {ZZ.14S},
  entryset = {ZZ.14,ZZ.14b,ZZ.14c},
  crossref = {ZZ.14},
}

@set{blx@fakeset-Pr.75S,
  fakeset = {Pr.75S},
  entryset = {Pr.75,Pr.75b},
  crossref = {Pr.75},
}

@set{blx@fakeset-Pr.77S,
  fakeset = {Pr.77S},
  entryset = {Pr.77,Pr.78,Pr.09,Pr.78,Pr.09},
  crossref = {Pr.77},
}

@set{blx@fakeset-FM.07S,
  fakeset = {FM.07S},
  entryset = {FM.07,FM.07b,FM.07c},
  crossref = {FM.07},
}

@set{blx@fakeset-MG.69S,
  fakeset = {MG.69S},
  entryset = {MG.69,MG.69b,MG.69c},
  crossref = {MG.69},
}

@set{blx@fakeset-HH.11S,
  fakeset = {HH.11S},
  entryset = {HH.11,HH.11b},
  crossref = {HH.11},
}

@set{blx@fakeset-LM.15S,
  fakeset = {LM.15S},
  entryset = {LM.15,LM.15b},
  crossref = {LM.15},
}

@set{ZZ.14S,
  entryset = {ZZ.14,ZZ.14b,ZZ.14c},
}

@set{Pr.75S,
  entryset = {Pr.75,Pr.75b},
}

@set{Pr.77S,
  entryset = {Pr.77,Pr.78,Pr.09,Pr.78,Pr.09},
}

@set{FM.07S,
  entryset = {FM.07,FM.07b,FM.07c},
}

@set{MG.69S,
  entryset = {MG.69,MG.69b,MG.69c},
}

@set{HH.11S,
  entryset = {HH.11,HH.11b},
}

@set{LM.15S,
  entryset = {LM.15,LM.15b},
}
