%@STRING{ Jan = "January" }
%@STRING{ Feb = "February" }
%@STRING{ Mar = "March" }
%@STRING{ Apr = "April" }
%@STRING{ May = "May" }
%@STRING{ Jun = "June" }
%@STRING{ Jul = "July" }
%@STRING{ Aug = "August" }
%@STRING{ Sep = "September" }
%@STRING{ Oct = "October" }
%@STRING{ Nov = "November" }
%@STRING{ Dec = "December" }
%--nostdmacros
%@STRING{ Jan = "Enero" }
%@STRING{ Feb = "Febrero" }
%@STRING{ Mar = "Marzo" }
%@STRING{ Apr = "Abril" }
%@STRING{ May = "Mayo" }
%@STRING{ Jun = "Junio" }
%@STRING{ Jul = "Julio" }
%@STRING{ Aug = "Agosto" }
%@STRING{ Sep = "Septiembre" }
%@STRING{ Oct = "Octubre" }
%@STRING{ Nov = "Noviembre" }
%@STRING{ Dec = "Diciembre" }

%%%%%%%%%%%%%%%%%%%%%%%%%%%%%%%%%%%%%%


@Article{AA.11,
  title = {A Universal Training Algorithm for Quantum Deep Learning},
  author = {S. Aaronson and	A. Arkhipov},
  journal = {Proceedings of the forty-third annual ACM symposium on Theory of computing},
  volume = {},
  pages = {333-342},
  year = {2011}
}


@Article{QML,
  title = {A Universal Training Algorithm for Quantum Deep Learning},
  author = {G.\ Verdon, J.\ Pye, M.\ Broughton},
  journal = {arXiv:1806.09729},
  volume = {},
  pages = {},
  year = {2018}
}

@Article{BR.18,
  title = {History states of systems and operators},
  author = {Boette, A. and Rossignoli, R.},
  journal = {Phys. Rev. A},
  volume = {98},
  issue = {3},
  pages = {032108},
  numpages = {10},
  year = {2018},
  month = {Sep},
  publisher = {American Physical Society},
  doi = {10.1103/PhysRevA.98.032108},
  url = {}%{https://link.aps.org/doi/10.1103/PhysRevA.98.032108}
}


@Article{BR.18b,
  title = {Dimerized spin chains as entangled quantum clocks},
  author = {A. Boette and R. Rossignoli},
  journal = {},
  volume = {},
  pages = {},
  year = {2018 (En preparación)}
}

@Article{OP,
  title = {System-time entanglement in an optical simulation of parallel-in-time quantum evolution},
  author = {D. Pabon and A. Bordakevich and C. Iemmi and S. Ledesma and L. Rebón and N. Gigena and A. Boette and R. Rossignoli},
  journal = {},
  volume = {},
  pages = {},
  year = {2018 (En preparación)}
}

@Article{GR.16,
  title = {Conditional purity and quantum correlation measures in two qubit mixed states},
  author = {L. Rebón and R. Rossignoli and J.J.M. Varga and N. Gigena and N. Canosa and C. Iemmi and S. Ledesma},
  journal = {Journal Phys. B},
  volume = {49},
  pages = {215501},
  year = {2016}
}


%%%%%%%%%%%%%%%%%%%%%%%%%%%%%%%%%%%%%%%%%%%%%%%%%%
%%%    Tema:    Estados coherentes

@Article{BRMC.14,
  title = {Generalized mean field treatment for dimerized spin chains},
  author = {A. Boette and R. Rossignoli and N. Canosa and J.M. Matera},
  journal = {Phys. Rev. B},
  volume = {91},
  pages = {064428},
  year = {2015},
  doi = {10.1103/PhysRevB.91.064428},
  publisher = {American Physical Society}, 
}

@Article{WR.10,
  title = {Thermal and magnetic discord in Heisenberg models},
  author = {T. Werlang and G. Rigolin},
  journal = {Phys. Rev. A},
	 volume = {81},
  pages = {044101},
  year = {2010},
}


@Article{VLRK.03,
  title = {Entanglement in quantum critical phenomena},
  author = {G. Vidal and others},
journal = {Phys. Rev. Lett. },
volume = {90},
pages = {227902},
  year = {2003},
}

@Article{Pa.12,
  title = {Realization of the one-dimensional anisotropic {$XY$} model in a Tb(III)-W(V) chain compound},
  author = {E. Pasca and others},
  journal = {Phys. Rev. B},
	 volume = {85},
  pages = {184434},
  year = {2012},
}

@Article{R.99,
  title = {Quantum Phase Transitions},
  author = {A. Sachdev},
  journal = {Cambridge Univ. Press, UK},
  year = {1999},
}


@Article{S.99,
  title = {Quantum Phase Transitions},
  author = {A. Sachdev},
  journal = {Cambridge Univ. Press, UK},
  year = {1999},
}


@Article{GR.97,
  title = {Quantum Mechanichs Helps in Searching for a Needle in a Haystack},
  author = {L.K. Grover},
  journal = {Phys.\ Rev.\ Lett.},
  volume = {79},
  pages = {325},
  year = {1997},
}


@Article{W.982,
  title = {Entanglement of Formation of an Arbitrary State of Two Qubits},
  author = {W.K. Wootters},
  journal = {Phys. Rev. Lett.},
  volume = {80},
  pages = {2245},
  year = {1998},
}

@Article{W.98,
  title = {Entanglement of a pair of quantum bits},
  author = {S. Hill and  W.K. Wootters},
  journal = {Phys.\ Rev.\ Lett.},
  volume = {78},
  pages = {5022},
  year = {1997},
}

@Article{Sh.94,
  title = {Algorithms for Quantum Computation: Discrete Logarithms and Factoring},
  author = {P.W. Shor},
  journal = {Proc.\ Ann.\ Symp.\ Found.\ Comp.\ Science, IEEE Press, Ca.},
  volume = {35},
  pages = {29},
  year = {1994},
}	

@Article{DEU.85,
  title = {Quantum theory, the {C}hurch-{T}uring Principle and the universal quantum computer},
  author = {D. Deutsch},
  journal = {Proc. R. Soc. Lond. A},
  volume = {400},
  pages = {97},
  year = {1985},
}

@Article{U.03,
  title = {Entangling Strings of Neutral Atoms in 1D Atomic Pipeline Structures},
  author = {U.Dorner and others },
  journal = {Phys. Rev. Lett. },
  volume = {91},
  pages = {073601},
  year = {2003},
  publisher = {American Physical Society}, 
}


@Article{JG.04,
  title = {Implementation of Spin Hamiltonians in Optical Lattices},
  author = {J.J.Garc\'{\i}a Ripoll and M.A. Mart\'{\i}n Delgado and J.I. Cirac },
  journal = {Phys. Rev. Letters},
  volume = {93},
  pages = {250405},
  year = {2004},
  publisher = {American Physical Society}, 
}


@Article{ACGT.72,
  title = {Atomic Coherent States in Quantum Optics},
  author = {Arecchi, F. T. and Courtens, Eric  and Gilmore, Robert  and Thomas, Harry },
  journal = {Phys. Rev. A},
  volume = {6},
  number = {6},
  pages = {2211--2237},
  numpages = {26},
  year = {1972},
  month = dec,
  doi = {10.1103/PhysRevA.6.2211},
  publisher = {American Physical Society}, 
  notes={  arXiv:cond-mat/0904.1213. }
}



@article{HSH.1999,
  title = {Capacity of quantum Gaussian channels},
  author = {Holevo, A. S. and Sohma, M. and Hirota, O.},
  journal = {Phys. Rev. A},
  volume = {59},
  issue = {3},
  pages = {1820--1828},
  year = {1999},
  month = mar,
  doi = {10.1103/PhysRevA.59.1820},
  url = {http://link.aps.org/doi/10.1103/PhysRevA.59.1820},
  publisher = {American Physical Society}
}



@Article{Si.00,
  title = {Peres-Horodecki Separability Criterion for Continuous Variable Systems},
  author = {Simon, R. },
  journal = {Phys. Rev. Lett.},
  volume = {84},
  number = {12},
  pages = {2726--2729},
  numpages = {3},
  year = {2000},
  month = mar,
  doi = {10.1103/PhysRevLett.84.2726},
  publisher = {American Physical Society}
}


@Article{DGCZ.00,
  title = {Inseparability Criterion for Continuous Variable Systems},
  author = {Duan, Lu-Ming  and Giedke, G.  and Cirac, J. I. and Zoller, P. },
  journal = {Phys. Rev. Lett.},
  volume = {84},
  number = {12},
  pages = {2722--2725},
  numpages = {3},
  year = {2000},
  month = mar,
  doi = {10.1103/PhysRevLett.84.2722},
  publisher = {American Physical Society}
}





@Article{WW.01,
  title = {Bound Entangled Gaussian States},
  author = {Werner, R. F. and Wolf, M. M.},
  journal = {Phys. Rev. Lett.},
  volume = {86},
  number = {16},
  pages = {3658--3661},
  numpages = {3},
  year = {2001},
  month = apr,
  doi = {10.1103/PhysRevLett.86.3658},
  publisher = {American Physical Society}
}


@Article{AEPW.02,
  title = {Entanglement properties of the harmonic chain},
  author = {Audenaert, K.  and Eisert, J.  and Plenio, M. B. and Werner, R. F.},
  journal = {Phys. Rev. A},
  volume = {66},
  number = {4},
  pages = {042327},
  numpages = {14},
  year = {2002},
  month = oct,
  doi = {10.1103/PhysRevA.66.042327},
  publisher = {American Physical Society}
}


@article{WGKWC.2004,
  title = {Gaussian entanglement of formation},
  author = {Wolf, M. M. and Giedke, G. and Kr\"uger, O. and Werner, R. F. and Cirac, J. I.},
  journal = {Phys. Rev. A},
  volume = {69},
  issue = {5},
  pages = {052320},
  numpages = {8},
  year = {2004},
  month = may,
  doi = {10.1103/PhysRevA.69.052320},
  url = {http://link.aps.org/doi/10.1103/PhysRevA.69.052320},
  publisher = {American Physical Society}
}

@Article{CEPD.06,
  title = {Entanglement-area law for general bosonic harmonic lattice systems},
  author = {Cramer, M.  and Eisert, J.  and Plenio, M. B. and Drei\ss{}ig, J. },
  journal = {Phys. Rev. A},
  volume = {73},
  number = {1},
  pages = {012309},
  numpages = {14},
  year = {2006},
  month = jan,
  doi = {10.1103/PhysRevA.73.012309},
  publisher = {American Physical Society}
}


@PhdThesis{ADE.06,
  author = 	 {Gerardo Adesso},
  title = 	 {Entanglement of Gaussian States},
  school = 	 {Dipartimento di Fisica "E. R. Caianiello"
Facolt\`a di Scienze Matematiche Fisiche e Naturali},
  year = 	 {2006},
  OPTkey = 	 {},
  OPTtype = 	 {},
  OPTaddress = 	 {},
  OPTmonth = 	 {},
  OPTnote = 	 {},
  OPTannote = 	 {http://www.maths.nottingham.ac.uk/personal/ga/papers/Adesso_PhD.pdf}
}



@Article{AI.08,
  title = {Genuine multipartite entanglement of symmetric Gaussian states: Strong monogamy, unitary localization, scaling behavior, and molecular sharing structure},
  author = {Adesso, Gerardo  and Illuminati, Fabrizio },
  journal = {Phys. Rev. A},
  volume = {78},
  number = {4},
  pages = {042310},
  numpages = {18},
  year = {2008},
  month = oct,
  doi = {10.1103/PhysRevA.78.042310},
  publisher = {American Physical Society}
}


@article{MM.08,
  title = {Entanglement of Formation for an Arbitrary Two-Mode Gaussian State},
  author = {Marian, Paulina and Marian, Tudor A.},
  journal = {Phys. Rev. Lett.},
  volume = {101},
  issue = {22},
  pages = {220403},
  numpages = {4},
  year = {2008},
  month = nov,
  doi = {10.1103/PhysRevLett.101.220403},
  url = {http://link.aps.org/doi/10.1103/PhysRevLett.101.220403},
  publisher = {American Physical Society}
}


@Article{AD.10,
  title = {Quantum versus Classical Correlations in Gaussian States},
  author = {Adesso, Gerardo  and Datta, Animesh },
  journal = {Phys. Rev. Lett.},
  volume = {105},
  number = {3},
  pages = {030501},
  numpages = {4},
  year = {2010},
  month = jul,
  doi = {10.1103/PhysRevLett.105.030501},
  publisher = {American Physical Society}
}




% Entanglement in many body

@Article{AF.08,
  title = {Entanglement in many-body systems},
  author = {Amico, Luigi  and Fazio, Rosario  and Osterloh, Andreas  and Vedral, Vlatko },
  journal = {Rev. Mod. Phys.},
  volume = {80},
  number = {2},
  pages = {517--576},
  numpages = {59},
  year = {2008},
  month = may,
  doi = {10.1103/RevModPhys.80.517},
  publisher = {American Physical Society}
}


%%%%%%%%%%%%%%%%%%%%%%%%%%%%%%%%%%%
%%%%%    Generalidades de informaciÃ³n  cuantica


@book{NC.00,
author={Michael A. Nielsen and Isaac L. Chuang},
year={2000},
title={Quantum Computation and Quantum Information},
organization={Cambridge University Press}
}

@ARTICLE{ BD.00,
title={Quantum information and computation}, 
 author= {Charles H. Bennett, David P. DiVincenzo} ,
 journal= { Nature } ,
 page= 247  ,
 year= 2000 ,
 volume=  404
} 


@ARTICLE{ DBKBW.00,
title={
 Universal quantum computation with the exchange interaction}, 
 author= { D. DiVincenzo and D. Bacon and J. Kempe and G. Burkard and K.B. Whaley} ,
 journal= { Nature } ,
 page= 339,
 year= 2000,
 volume=  408,
 doi={10.1038/35042541}
} 



@article{t.93,
  title = {Teleporting an unknown quantum state via dual classical and Einstein-Podolsky-Rosen channels},
  author = {Bennett, Charles H. and Brassard, Gilles and Cr\'epeau, Claude and Jozsa, Richard and Peres, Asher and Wootters, William K.},
  journal = {Phys. Rev. Lett.},
  volume = {70},
  issue = {13},
  pages = {1895--1899},
  numpages = {0},
  year = {1993},
  month = mar,
  publisher = {American Physical Society},
  doi = {10.1103/PhysRevLett.70.1895},
  url = {http://link.aps.org/doi/10.1103/PhysRevLett.70.1895}
}


@Article{Be.93,
  title = {Teleporting an unknown quantum state via dual classical and Einstein-Podolsky-Rosen channels},
  author = {Bennett, Charles H. and Brassard, Gilles  and Cr\'epeau, Claude  and Jozsa, Richard  and Peres, Asher  and Wootters, William K.},
  journal = {Phys. Rev. Lett.},
  volume = {70},
  number = {13},
  pages = {1895--1899},
  numpages = {4},
  year = {1993},
  month = mar,
  doi = {10.1103/PhysRevLett.70.1895},
  publisher = {American Physical Society}
}



@Article{cab.08,
  title = {Simulation of high-spin Heisenberg models in coupled cavities},
  author = {Cho, Jaeyoon  and Angelakis, Dimitris G. and Bose, Sougato },
  journal = {Phys. Rev. A},
  volume = {78},
  number = {6},
  pages = {062338},
  numpages = {4},
  year = {2008},
  month = dec,
  doi = {10.1103/PhysRevA.78.062338},
  publisher = {American Physical Society},
notes={  R. Raussendorf, D.E. Browne and H.J. Briegel, Phys. Rev. A { 68}, 022312 (2003).  }
}


@Article{DVC.00,
  title = {Three qubits can be entangled in two inequivalent ways},
  author = {D\"ur, W.  and Vidal, G.  and Cirac, J. I.},
  journal = {Phys. Rev. A},
  volume = {62},
  number = {6},
  pages = {062314},
  numpages = {12},
  year = {2000},
  month = nov,
  doi = {10.1103/PhysRevA.62.062314},
  publisher = {American Physical Society}
}



@Article{ CC.03,
  title = {Concurrence-based entanglement measures for isotropic states},
  author = {Rungta, Pranaw  and Caves, Carlton M.},
  journal = {Phys. Rev. A},
  volume = {67},
  number = {1},
  pages = {012307},
  numpages = {9},
  year = {2003},
  month = jan,
  doi = {10.1103/PhysRevA.67.012307},
  publisher = {American Physical Society},
 notes={  arXiv:cond-mat/0904.1213.  }
}


@Article{CKW.00,
  title = {Distributed entanglement},
  author = {Coffman, Valerie  and Kundu, Joydip  and Wootters, William K.},
  journal = {Phys. Rev. A},
  volume = {61},
  number = {5},
  pages = {052306},
  numpages = {5},
  year = {2000},
  month = apr,
  doi = {10.1103/PhysRevA.61.052306},
  publisher = {American Physical Society},
 notes={  arXiv:cond-mat/0904.1213.  }
}




% item: \bibitem{Be.96} C.H. Bennett and others., Phys. Rev. Lett. { 76}, 722 (1996). 


@Article{BBP.96,
  title = {Purification of Noisy Entanglement and Faithful Teleportation via Noisy Channels},
  author = {Bennett, Charles H. and Brassard, Gilles  and Popescu, Sandu  and Schumacher, Benjamin  and Smolin, John A. and Wootters, William K.},
  journal = {Phys. Rev. Lett.},
  volume = {76},
  number = {5},
  pages = {722--725},
  numpages = {3},
  year = {1996},
  month = jan,
  doi = {10.1103/PhysRevLett.76.722},
  publisher = {American Physical Society}
}




@article{Sch1,
  title = {Quantum coding},
  author = {Schumacher, Benjamin},
  journal = {Phys. Rev. A},
  volume = {51},
  issue = {4},
  pages = {2738--2747},
  numpages = {0},
  year = {1995},
  month = apr,
  publisher = {American Physical Society},
  doi = {10.1103/PhysRevA.51.2738},
  url = {http://link.aps.org/doi/10.1103/PhysRevA.51.2738},
  note={ C.H.\ Bennett, H. Bernstein, S. Popescu and B. Schumacher, Phys.\ Rev.\ {\bf A 53} 2046 (1996)}
}



@Article{ GI.07,
  title = {Characterization of separability and entanglement in  $ (2\ifmmode\times\else\texttimes\fi{}D) $ - and  $ (3\ifmmode\times\else\texttimes\fi{}D) $ -dimensional systems by single-qubit and single-qutrit unitary transformations},
  author = {Giampaolo, Salvatore M. and Illuminati, Fabrizio },
  journal = {Phys. Rev. A},
  volume = {76},
  number = {4},
  pages = {042301},
  numpages = {8},
  year = {2007},
  month = oct,
  doi = {10.1103/PhysRevA.76.042301},
  publisher = {American Physical Society},
 notes={  S.M. Giampaolo and others, Phys. Rev. A { 77}, 012319 (2008).  }
}




@Article{HBP.07,
  title = {Effective Spin Systems in Coupled Microcavities},
  author = {Hartmann, Michael J. and Brand\~ao, Fernando G. S. L. and Plenio, Martin B.},
  journal = {Phys. Rev. Lett.},
  volume = {99},
  number = {16},
  pages = {160501},
  numpages = {4},
  year = {2007},
  month = oct,
  doi = {10.1103/PhysRevLett.99.160501},
  publisher = {American Physical Society},
  notes={  R. Raussendorf, D.E. Browne and H.J. Briegel, Phys. Rev. A { 68}, 022312 (2003).  }
}




%%%%%%%%%%%%%%%%%%%%%%%%%%%%%%%%%%%%%%%%%%%%%%%%%%%%%%%%%%%%%%%%%%%%%%%%%%%%%%%%%%%%%%%%
%%%   Tema: Medidas de entrelazamiento




@Article{P.96,
  title = {Separability Criterion for Density Matrices},
  author = {Peres, Asher },
  journal = {Phys. Rev. Lett.},
  volume = {77},
  number = {8},
  pages = {1413--1415},
  numpages = {2},
  year = {1996},
  month = aug,
  doi = {10.1103/PhysRevLett.77.1413},
  publisher = {American Physical Society},
 notes={  arXiv:cond-mat/0904.1213. }
}





@Article{OTV.06,
  title = {General Monogamy Inequality for Bipartite Qubit Entanglement},
  author = {Osborne, Tobias J. and Verstraete, Frank },
  journal = {Phys. Rev. Lett.},
  volume = {96},
  number = {22},
  pages = {220503},
  numpages = {4},
  year = {2006},
  month = jun,
  doi = {10.1103/PhysRevLett.96.220503},
  publisher = {American Physical Society},
 notes={  arXiv:cond-mat/0904.1213. ; V.\ Coffman, J.\ Kundu and W.K.\ Wootters,
%               Phys.\ Rev.\ A {\bf 61} 052306 (2000)}
}



@Article{BDSW.96,
  title = {Mixed-state entanglement and quantum error correction},
  author = {Bennett, Charles H. and DiVincenzo, David P. and Smolin, John A. and Wootters, William K.},
  journal = {Phys. Rev. A},
  volume = {54},
  number = {5},
  pages = {3824--3851},
  numpages = {27},
  year = {1996},
  month = nov,
  doi = {10.1103/PhysRevA.54.3824},
  publisher = {American Physical Society}
}









%%%%%%%%%%%%%%%%%%%%%%%%%%%%%%%%%%%%%%%%%%%%%%%%%%%%%%%%%%%%%%%%%%%%%%%%%%%%%%%%%%%%%%%%
%%% Tema:  RealizaciÃ³n experimental de sistemas de pocos espines grandes


@Article{Takahashi2009,
  title = {Coherent Manipulation and Decoherence of $S=10$ Single-Molecule Magnets},
  author = {Takahashi, Susumu  and van Tol, Johan  and Beedle, Christopher C. and Hendrickson, David N. and Brunel, Louis-Claude  and Sherwin, Mark S.},
  journal = {Phys. Rev. Lett.},
  volume = {102},
  number = {8},
  pages = {087603},
  numpages = {4},
  year = {2009},
  month = feb,
  doi = {10.1103/PhysRevLett.102.087603},
  publisher = {American Physical Society}
} 



@Article{Barco2004,
  title = {Quantum Superposition of High Spin States in the Single Molecule Magnet $Ni4$},
  author = {del~Barco, E.  and Kent, A. D. and Yang, E. C. and Hendrickson, D. N.},
  journal = {Phys. Rev. Lett.},
  volume = {93},
  number = {15},
  pages = {157202},
  numpages = {4},
  year = {2004},
  month = oct,
  doi = {10.1103/PhysRevLett.93.157202},
  publisher = {American Physical Society}
}


%%%%%%%%%%%%%%%%%%%%%%%%%%%%%%%%%%%%%%%%%%%%%%%%%%%%%%%%%%%%%%%%%%%%%%%%%%%%%%%%%%%%%%%%
%%% Tema:  Computacion cuantica

@Article{rbbh.2003,
  title = {Measurement-based quantum computation on cluster states},
  author = {Raussendorf, Robert  and Browne, Daniel E. and Briegel, Hans J.},
  journal = {Phys. Rev. A},
  volume = {68},
  number = {2},
  pages = {022312},
  numpages = {32},
  year = {2003},
  month = aug,
  doi = {10.1103/PhysRevA.68.022312},
  publisher = {American Physical Society}
}

@Article{PhysRevLett.86.5188,
  title = {A One-Way Quantum Computer},
  author = {Raussendorf, Robert  and Briegel, Hans J.},
  journal = {Phys. Rev. Lett.},
  volume = {86},
  number = {22},
  pages = {5188--5191},
  numpages = {3},
  year = {2001},
  month = may,
  doi = {10.1103/PhysRevLett.86.5188},
  publisher = {American Physical Society},
  notes={  R. Raussendorf, D.E. Browne and H.J. Briegel, Phys. Rev. A { 68}, 022312 (2003).}
}

%%%%%%%%%%%%%%%%%%%%%%%%%%%%%%%%%%%%%%%%%%%%%%%%%%%%%%%%%%%%%%%%%%%%%%%%%%%%%%%%%%%%%%%%
%%% Tema: quantum phase transitions


@article{CLPjpc.76,
  author={A P Cracknell and J Lorenc and J A Przystawa},
  title={Landau's theory of second-order phase transitions and its application to ferromagnetism},
  journal={Journ. Phys. C},
  volume={9},
  number={9},
  pages={1731},
  url={http://stacks.iop.org/0022-3719/9/i=9/a=015},
  year={1976},
  abstract={A detailed comparison is made between the theory of second-order phase transitions in terms of Landau's original approach of minimizing the thermodynamical potential and in terms of the established group-theoretical approach, which is derived from the general thermodynamical approach. It is shown that the two approaches are not equivalent and a number of spurious features are identified in the existing accounts of the group-theoretical criteria. Thus, minimization of the thermodynamic potential frequently gives some additional information which could not be obtained from the group-theoretical approach.}
}
	

@Article{ON.02,
  title = {Entanglement in a simple quantum phase transition},
  author = {Osborne, Tobias J. and Nielsen, Michael A.},
  journal = {Phys. Rev. A},
  volume = {66},
  number = {3},
  pages = {032110},
  numpages = {14},
  year = {2002},
  month = sep,
  doi = {10.1103/PhysRevA.66.032110},
  publisher = {American Physical Society}
}

@ARTICLE{OO.02,
 author= { Osterloh, A. and  Amico, L. and  Falci, G. and  Fazio, R.},
title={ Scaling Properties of the Entanglement at a Quantum Phase Transition},
 journal= { Nature },
 page=  {608},
 year= {2002},
 volume={416}, 
 notes={  R. Raussendorf, D.E. Browne and H.J. Briegel, Phys. Rev. A { 68}, 022312 (2003).  }
}


%%%  Papers clasicos....




@ARTICLE{ Schr.35,
 author= {E. Schr\"odinger} ,
title={ Discussion of Probability Relations Between Separated Systems  },
 journal= {Proc. Cambridge Philos. Soc. } ,
 pages=  {555-563} ,
 year= {1935} ,
 volume=  {31},
note={ibid, 32, 446 (1936)}
}



@Article{EPR.1935,
  title = {Can Quantum-Mechanical Description of Physical Reality Be Considered Complete?},
  author = {Einstein, A.  and Podolsky, B.  and Rosen, N. },
  journal = {Phys. Rev.},
  volume = {47},
  number = {10},
  pages = {777--780},
  numpages = {3},
  year = {1935},
  month = may,
  doi = {10.1103/PhysRev.47.777},
  publisher = {American Physical Society}
}


@Article{Bell.66,
  title = {On the Problem of Hidden Variables in Quantum Mechanics},
  author = {BELL, JOHN S.},
  journal = {Rev. Mod. Phys.},
  volume = {38},
  number = {3},
  pages = {447--452},
  numpages = {5},
  year = {1966},
  month = jul,
  doi = {10.1103/RevModPhys.38.447},
  publisher = {American Physical Society}
}





@Article{Asp.81,
  title = {Experimental Tests of Realistic Local Theories via Bell's Theorem},
  author = {Aspect, Alain  and Grangier, Philippe  and Roger, G\'erard },
  journal = {Phys. Rev. Lett.},
  volume = {47},
  number = {7},
  pages = {460--463},
  numpages = {3},
  year = {1981},
  month = aug,
  doi = {10.1103/PhysRevLett.47.460},
  publisher = {American Physical Society}
}




@Article{Aspa.82,
  title = {Experimental Realization of Einstein-Podolsky-Rosen-Bohm Gedankenexperiment: A New Violation of Bell's Inequalities},
  author = {Aspect, Alain  and Grangier, Philippe  and Roger, G\'erard },
  journal = {Phys. Rev. Lett.},
  volume = {49},
  number = {2},
  pages = {91--94},
  numpages = {3},
  year = {1982},
  month = jul,
  doi = {10.1103/PhysRevLett.49.91},
  publisher = {American Physical Society}
}


@Article{Aspb.82,
  title = {Experimental Test of Bell's Inequalities Using Time- Varying Analyzers},
  author = {Aspect, Alain  and Dalibard, Jean  and Roger, G\'erard },
  journal = {Phys. Rev. Lett.},
  volume = {49},
  number = {25},
  pages = {1804--1807},
  numpages = {3},
  year = {1982},
  month = dec,
  doi = {10.1103/PhysRevLett.49.1804},
  publisher = {American Physical Society}
}




@Article{AuPl.08,
  author = 	 {K.M.R. Audenaert and M.B. Plenio},
  title = 	 {When are correlations quantum? Verification and quantification of entanglement by simple measurements},
  journal = 	 {New J. Phys.},
  year = 	 {2006},
  numer={8},
  pages={266}
}




@article{CPW.2011,
  volume = {106},
  journal = {Phys. Rev. Lett.},
  numpages = {4},
  month = jan,
  title = {Measuring Entanglement in Condensed Matter Systems},
  author = {Cramer, M. and Plenio, M. B. and Wunderlich, H.},
  year = {2011},
  url = {http://link.aps.org/doi/10.1103/PhysRevLett.106.020401},
  doi = {10.1103/PhysRevLett.106.020401},
  issue = {2},
  publisher = {American Physical Society},
  pages = {020401}
}





@ARTICLE{KTM.82,
 title= {Antiferromagnetic long-range order in the anisotropic quantum spin chain },
 author= {J. Kurmann,  H. Thomas and G. M\"uller} ,
 journal= { Physica A } ,
 page=  {235}  ,
 year=  {1982} ,
 volume={112}
}


 

@Article{HP.58,
  title = {Field Dependence of the Intrinsic Domain Magnetization of a Ferromagnet},
  author = {Holstein, T.  and Primakoff, H. },
  journal = {Phys. Rev.},
  volume = {58},
  number = {12},
  pages = {1098--1113},
  numpages = {15},
  year = {1940},
  month = dec,
  doi = {10.1103/PhysRev.58.1098},
  publisher = {American Physical Society}
}


%%%%%%%%%%%%%%%%%%%%%%%%%%%%%%%%%%%%%%%%%%%%%%
%%%  Tema:  Bosonizaciones

@Article{KM.91,
  title = {Boson realizations of Lie algebras with applications to nuclear physics},
  author = {Klein, Abraham  and Marshalek, E. R.},
  journal = {Rev. Mod. Phys.},
  volume = {63},
  number = {2},
  pages = {375--558},
  numpages = {183},
  year = {1991},
  month = apr,
  doi = {10.1103/RevModPhys.63.375},
  publisher = {American Physical Society}
}


@Article{KAM.91,
  title = {Boson realizations of Lie algebras with applications to nuclear physics},
  author = {Klein, Abraham  and Marshalek, E. R.},
  journal = {Rev. Mod. Phys.},
  volume = {63},
  number = {2},
  pages = {375--558},
  numpages = {183},
  year = {1991},
  month = apr,
  doi = {10.1103/RevModPhys.63.375},
  publisher = {American Physical Society}
}


@Article{Dy.56,
  title = {General Theory of Spin-Wave Interactions},
  author = {Dyson, Freeman J.},
  journal = {Phys. Rev.},
  volume = {102},
  number = {5},
  pages = {1217--1230},
  numpages = {13},
  year = {1956},
  month = jun,
  doi = {10.1103/PhysRev.102.1217},
  publisher = {American Physical Society}
}


@Article{CGR.06,
  title = {Dyson boson mapping of effective bi-fermion Hamiltonians},
  author = {Civitarese, O.  and Geyer, H. B. and Reboiro, M. },
  journal = {Phys. Rev. C},
  volume = {73},
  number = {3},
  pages = {034306},
  numpages = {7},
  year = {2006},
  month = mar,
  doi = {10.1103/PhysRevC.73.034306},
  publisher = {American Physical Society}
}

@Article{PhysRevC.66.064303,
  title = {Boson-mapping-based extension of the random-phase approximation in a three-level Lipkin model},
  author = {Grasso, M.  and Catara, F.  and Sambataro, M. },
  journal = {Phys. Rev. C},
  volume = {66},
  number = {6},
  pages = {064303},
  numpages = {7},
  year = {2002},
  month = dec,
  doi = {10.1103/PhysRevC.66.064303},
  publisher = {American Physical Society}
}





@Article{Scw.05, 
  title = {The density-matrix renormalization group},
  author = {Schollw\"ock, U. },
  journal = {Rev. Mod. Phys.},
  volume = {77},
  number = {1},
  pages = {259--315},
  numpages = {56},
  year = {2005},
  month = apr,
  doi = {10.1103/RevModPhys.77.259},
  publisher = {American Physical Society}
}


@Article{SW.05,
  title = {The density-matrix renormalization group},
  author = {Schollw\"ock, U. },
  journal = {Rev. Mod. Phys.},
  volume = {77},
  number = {1},
  pages = {259--315},
  numpages = {56},
  year = {2005},
  month = apr,
  doi = {10.1103/RevModPhys.77.259},
  publisher = {American Physical Society}
}



@article{BL.93,
  title = {Born-Oppenheimer molecular-dynamics simulations of finite systems: Structure and dynamics of (${\mathrm{H}}_{2}$O${)}_{2}$},
  month = jul,
  doi = {10.1103/PhysRevB.48.2081},
  author = {Barnett, Robert N. and Landman, Uzi},
  year = {1993},
  issue = {4},
  url = {http://link.aps.org/doi/10.1103/PhysRevB.48.2081},
  journal = {Phys. Rev. B},
  publisher = {American Physical Society},
  pages = {2081--2097},
  volume = {48}
}

@article{DPB.11,
  title = {Vibronic model for spin crossover complexes},
  month = sep,
  doi = {10.1103/PhysRevB.84.104119},
  author = {D'Avino, Gabriele and Painelli, Anna and Boukheddaden, Kamel},
  year = {2011},
  issue = {10},
  url = {http://link.aps.org/doi/10.1103/PhysRevB.84.104119},
  numpages = {10},
  journal = {Phys. Rev. B},
  publisher = {American Physical Society},
  pages = {104119},
  volume = {84}
}





@Article{CLMZ.98,
  title = {Quantum superposition states of Bose-Einstein condensates},
  author = {Cirac, J. I. and Lewenstein, M.  and M\o{}lmer, K.  and Zoller, P. },
  journal = {Phys. Rev. A},
  volume = {57},
  number = {2},
  pages = {1208--1218},
  numpages = {10},
  year = {1998},
  month = feb,
  doi = {10.1103/PhysRevA.57.1208},
  publisher = {American Physical Society}
}




@Article{ECP.10,
  title = {Colloquium: Area laws for the entanglement entropy},
  author = {Eisert, J.  and Cramer, M.  and Plenio, M. B.},
  journal = {Rev. Mod. Phys.},
  volume = {82},
  number = {1},
  pages = {277--306},
  numpages = {29},
  year = {2010},
  month = feb,
  doi = {10.1103/RevModPhys.82.277},
  publisher = {American Physical Society}
}





@Article{ASI.04,
  title = {Quantification and Scaling of Multipartite Entanglement in Continuous Variable Systems},
  author = {Adesso, Gerardo  and Serafini, Alessio  and Illuminati, Fabrizio },
  journal = {Phys. Rev. Lett.},
  volume = {93},
  number = {22},
  pages = {220504},
  numpages = {4},
  year = {2004},
  month = nov,
  doi = {10.1103/PhysRevLett.93.220504},
  publisher = {American Physical Society}
}

@Article{PlenioXXX,
  title = {Ground-State Approximation for Strongly Interacting Spin Systems in Arbitrary Spatial Dimension},
  author = {Anders, S.  and Plenio, M. B. and D\"ur, W.  and Verstraete, F.  and Briegel, H.-J. },
  journal = {Phys. Rev. Lett.},
  volume = {97},
  number = {10},
  pages = {107206},
  numpages = {4},
  year = {2006},
  month = sep,
  doi = {10.1103/PhysRevLett.97.107206},
  publisher = {American Physical Society}
  }

@Article{W.92,
  title = {Density matrix formulation for quantum renormalization groups},
  author = {White, Steven R.},
  journal = {Phys. Rev. Lett.},
  volume = {69},
  number = {19},
  pages = {2863--2866},
  numpages = {3},
  year = {1992},
  month = nov,
  doi = {10.1103/PhysRevLett.69.2863},
  publisher = {American Physical Society}
}




@Article{RVF.04,
  title = {Studying Quantum Spin Systems through Entanglement Estimators},
  author = {Roscilde, Tommaso  and Verrucchi, Paola  and Fubini, Andrea  and Haas, Stephan  and Tognetti, Valerio },
  journal = {Phys. Rev. Lett.},
  volume = {93},
  number = {16},
  pages = {167203},
  numpages = {4},
  year = {2004},
  month = oct,
  doi = {10.1103/PhysRevLett.93.167203},
  publisher = {American Physical Society}
}

@Article{RVF.05,
  title = {Entanglement and Factorized Ground States in Two-Dimensional Quantum Antiferromagnets},
  author = {Roscilde, Tommaso  and Verrucchi, Paola  and Fubini, Andrea  and Haas, Stephan  and Tognetti, Valerio },
  journal = {Phys. Rev. Lett.},
  volume = {94},
  number = {14},
  pages = {147208},
  numpages = {4},
  year = {2005},
  month = apr,
  doi = {10.1103/PhysRevLett.94.147208},
  publisher = {American Physical Society}
}




@Article{Wa.01,
  title = {Entanglement in the quantum Heisenberg {$XY$} model},
  author = {Wang, Xiaoguang },
  journal = {Phys. Rev. A},
  volume = {64},
  number = {1},
  pages = {012313},
  numpages = {7},
  year = {2001},
  month = jun,
  doi = {10.1103/PhysRevA.64.012313},
  publisher = {American Physical Society}
}


@Article{Wa.02,
  title = {Threshold temperature for pairwise and many-particle thermal entanglement in the isotropic Heisenberg model},
  author = {Wang, Xiaoguang },
  journal = {Phys. Rev. A},
  volume = {66},
  number = {4},
  pages = {044305},
  numpages = {4},
  year = {2002},
  month = oct,
  doi = {10.1103/PhysRevA.66.044305},
  publisher = {American Physical Society},
 notes = {X. Wang, P. Zanardi, Phys. Lett. A 301, 1 (2002).}
}



@Article{WW.06,
  title = {Thermal entanglement in ferrimagnetic chains},
  author = {Wang, Xiaoguang  and Wang, Z. D.},
  journal = {Phys. Rev. A},
  volume = {73},
  number = {6},
  pages = {064302},
  numpages = {3},
  year = {2006},
  month = jun,
  doi = {10.1103/PhysRevA.73.064302},
  publisher = {American Physical Society}
}



@Article{WZ.02,
  title = {Quantum entanglement of unitary operators on bipartite systems},
  author = {Wang, Xiaoguang  and Zanardi, Paolo },
  journal = {Phys. Rev. A},
  volume = {66},
  number = {4},
  pages = {044303},
  numpages = {4},
  year = {2002},
  month = oct,
  doi = {10.1103/PhysRevA.66.044303},
  publisher = {American Physical Society}
}

@Article{Wa2.02,
  title = {Thermal and ground-state entanglement in Heisenberg $XX$ qubit rings},
  author = {Wang, Xiaoguang },
  journal = {Phys. Rev. A},
  volume = {66},
  number = {3},
  pages = {034302},
  numpages = {4},
  year = {2002},
  month = sep,
  doi = {10.1103/PhysRevA.66.034302},
  publisher = {American Physical Society},
  notes={Phys. Rev. E 69, 066118 (2004).}
}


@Article{AK.04,
  title = {Thermal entanglement of spins in the Heisenberg model at low temperatures},
  author = {Asoudeh, M.  and Karimipour, V. },
  journal = {Phys. Rev. A},
  volume = {70},
  number = {5},
  pages = {052307},
  numpages = {5},
  year = {2004},
  month = nov,
  doi = {10.1103/PhysRevA.70.052307},
  publisher = {American Physical Society}
}


@Article{AK.05,
  title = {Thermal entanglement of spins in an inhomogeneous magnetic field},
  author = {Asoudeh, M.  and Karimipour, V. },
  journal = {Phys. Rev. A},
  volume = {71},
  number = {2},
  pages = {022308},
  numpages = {6},
  year = {2005},
  month = feb,
  doi = {10.1103/PhysRevA.71.022308},
  publisher = {American Physical Society}
}





@Article{PSW.06,
  author = 	 {Sandu Popescu and Anthony J. Short and  Andreas Winter},
  title = 	 {Entanglement and the foundations of statistical mechanics},
  journal = 	 {Nat Phys},
  year = 	 {2006},
  month={October},
  volume = {2},
  number = {11},
  pages = {754}
}


@Article{GKVB.01,
  title = {Thermal concurrence mixing in a one-dimensional Ising model},
  author = {Gunlycke, D.  and Kendon, V. M. and Vedral, V.  and Bose, S. },
  journal = {Phys. Rev. A},
  volume = {64},
  number = {4},
  pages = {042302},
  numpages = {7},
  year = {2001},
  month = sep,
  doi = {10.1103/PhysRevA.64.042302},
  publisher = {American Physical Society}
}



@Article{DPS.04,
  title = {Complete family of separability criteria},
  author = {Doherty, Andrew C. and Parrilo, Pablo A. and Spedalieri, Federico M.},
  journal = {Phys. Rev. A},
  volume = {69},
  number = {2},
  pages = {022308},
  numpages = {20},
  year = {2004},
  month = feb,
  doi = {10.1103/PhysRevA.69.022308},
  publisher = {American Physical Society}
}




@Article{BB.03,
  title = {Quantum Computing with an Always-On Heisenberg Interaction},
  author = {Benjamin, Simon C. and Bose, Sougato },
  journal = {Phys. Rev. Lett.},
  volume = {90},
  number = {24},
  pages = {247901},
  numpages = {4},
  year = {2003},
  month = jun,
  doi = {10.1103/PhysRevLett.90.247901},
  publisher = {American Physical Society},
  note={Phys. Rev. A 70, 032314 (2004).}
}


@Article{LD.98,
  title = {Quantum computation with quantum dots},
  author = {Loss, Daniel  and DiVincenzo, David P.},
  journal = {Phys. Rev. A},
  volume = {57},
  number = {1},
  pages = {120--126},
  numpages = {6},
  year = {1998},
  month = jan,
  doi = {10.1103/PhysRevA.57.120},
  publisher = {American Physical Society},
  note={Phys. Rev. B 59, 2070 (1999).}
}



@Article{IABDL.99,
  title = {Quantum Information Processing Using Quantum Dot Spins and Cavity QED},
  author = {Immamoglu, A.  and Awschalom, D. D. and Burkard, G.  and DiVincenzo, D. P. and Loss, D.  and Sherwin, M.  and Small, A. },
  journal = {Phys. Rev. Lett.},
  volume = 83,
  number = 20,
  pages = {4204--4207},
  numpages = 3,
  year = 1999,
  month = nov,
  doi = {10.1103/PhysRevLett.83.4204},
  publisher = {American Physical Society}
}

@Article{MSS.01,
  title = {Quantum-state engineering with {J}osephson-junction devices},
  author = {Makhlin, Yuriy  and Sch\"on, Gerard and Shnirman, Alexander },
  journal = {Rev. Mod. Phys.},
  volume = {73},
  number = {2},
  pages = {357--400},
  numpages = {43},
  year = {2001},
  month = may,
  doi = {10.1103/RevModPhys.73.357},
  publisher = {American Physical Society}
}




@Article{VPM.04,
  title = {Entanglement in a second-order quantum phase transition},
  author = {Vidal, Julien  and Palacios, Guillaume  and Mosseri, R\'emy },
  journal = {Phys. Rev. A},
  volume = {69},
  number = {2},
  pages = {022107},
  numpages = {4},
  year = {2004},
  month = feb,
  doi = {10.1103/PhysRevA.69.022107},
  publisher = {American Physical Society}
}

@Article{DV.04,
  title = {Finite-Size Scaling Exponents of the {L}ipkin-{M}eshkov-{G}lick Model},
  author = {Dusuel, S\'ebastien  and Vidal, Julien },
  journal = {Phys. Rev. Lett.},
  volume = {93},
  number = {23},
  pages = {237204},
  numpages = {4},
  year = {2004},
  month = dec,
  doi = {10.1103/PhysRevLett.93.237204},
  publisher = {American Physical Society}
}



@Article{Vi.06,
  title = {Concurrence in collective models},
  author = {Vidal, Julien },
  journal = {Phys. Rev. A},
  volume = {73},
  number = {6},
  pages = {062318},
  numpages = {7},
  year = {2006},
  month = jun,
  doi = {10.1103/PhysRevA.73.062318},
  publisher = {American Physical Society}
}

@Article{KBI.00,
  title = {Entangled webs: Tight bound for symmetric sharing of entanglement},
  author = {Koashi, Masato and others},% and Bu\ifmmode \check{z}\else \v{z}\fi{}ek, Vladim\'\i{}r  and Imoto, Nobuyuki },
  journal = {Phys. Rev. A},
  volume = {62},
  number = {5},
  pages = {050302},
  numpages = {4},
  year = {2000},
  month = oct,
  doi = {10.1103/PhysRevA.62.050302},
  publisher = {American Physical Society}
}

@Article {FR.06,
   author = {Fubini, A. and Roscilde, T. and Tognetti, V. and Tusa, M. and Verrucchi, P.},
   affiliation = {},%MATIS CNR-INFM &amp; Dipartimento di Metodologie Fisiche e Chimiche - UniversitÃ  di Catania V.le A.Â Doria 6 95125 Catania Italy V.le A.Â Doria 6 95125 Catania Italy},
   title = {Reading entanglement in terms of spin configurations in quantum magnets},
   journal = {The European Physical Journal D - Atomic, Molecular, Optical and Plasma Physics},
   publisher = {Springer Berlin / Heidelberg},
   issn = {1434-6060},
   keyword = {Physics and Astronomy},
   pages = {563-570},
   volume = {38},
   issue = {3},
   url = {http://dx.doi.org/10.1140/epjd/e2006-00090-6},
   note = {10.1140/epjd/e2006-00090-6},
   year = {2006}
}


@article{LSM.61,
title = "Two soluble models of an antiferromagnetic chain",
journal = "Annals of Physics",
volume = "16",
number = "3",
pages = "407 - 466",
year = "1961",
note = "",
issn = "0003-4916",
doi = "DOI: 10.1016/0003-4916(61)90115-4",
url = "http://www.sciencedirect.com/science/article/B6WB1-4DF520B-1J6/2/9fa7a2285d82e7db7386ac37243f0d77",
author = "Elliott Lieb and Theodore Schultz and Daniel Mattis"
}



@Article{DFSC.07,
  title = {Constrained bounds on measures of entanglement},
  author = {Datta, Animesh  and Flammia, Steven T. and Shaji, Anil  and Caves, Carlton M.},
  journal = {Phys. Rev. A},
  volume = {75},
  number = {6},
  pages = {062117},
  numpages = {15},
  year = {2007},
  month = jun,
  doi = {10.1103/PhysRevA.75.062117},
  publisher = {American Physical Society}
}


  	
@article{VDB.07,
  author={Julien Vidal and SÃ©bastien Dusuel and Thomas Barthel},
  title={Entanglement entropy in collective models},
  journal={Journal of Statistical Mechanics: Theory and Experiment},
  volume={2007},
  number={01},
  pages={P01015},
  url={http://stacks.iop.org/1742-5468/2007/i=01/a=P01015},
  year={2007}
}

@Article{SWS.92,
  title = {Density matrix formulation for quantum renormalization groups},
  author = {White, Steven R.},
  journal = {Phys. Rev. Lett.},
  volume = {69},
  number = {19},
  pages = {2863--2866},
  numpages = {3},
  year = {1992},
  month = nov,
  doi = {10.1103/PhysRevLett.69.2863},
  publisher = {American Physical Society}
}




@Article{Ek.91,
  title = {Quantum cryptography based on Bell's theorem},
  author = {Ekert, Artur K.},
  journal = {Phys. Rev. Lett.},
  volume = {67},
  number = {6},
  pages = {661--663},
  numpages = {2},
  year = {1991},
  month = aug,
  doi = {10.1103/PhysRevLett.67.661},
  publisher = {American Physical Society},
  notes={Nature {\bf 358}, 14 (1992)}
}



@Article{DDL.03,
  title = {Controlling Spin Exchange Interactions of Ultracold Atoms in Optical Lattices},
  author = {Duan, L.-M.  and Demler, E.  and Lukin, M. D.},
  journal = {Phys. Rev. Lett.},
  volume = 91,
  number = 9,
  pages = 090402,
  numpages = 4,
  year = 2003,
  month = aug,
  doi = {10.1103/PhysRevLett.91.090402},
  publisher = {American Physical Society}
}




@Article{DV.99,
  title = {Coupled quantum dots as quantum gates},
  author = {Burkard, Guido  and Loss, Daniel  and DiVincenzo, David P.},
  journal = {Phys. Rev. B},
  volume = {59},
  number = {3},
  pages = {2070--2078},
  numpages = {8},
  year = {1999},
  month = jan,
  doi = {10.1103/PhysRevB.59.2070},
  publisher = {American Physical Society},
  notes={D. P. DiVincenzo and D. Bacon and J. Kempe and G. Burkard and  K. B. Whaley", Nature (London) 408, 339 (2000).}
 }


@Article{GAI.10,
  title = {Probing Quantum Frustrated Systems via Factorization of the Ground State},
  author = {Giampaolo, Salvatore M. and Adesso, Gerardo  and Illuminati, Fabrizio },
  journal = {Phys. Rev. Lett.},
  volume = {104},
  number = {20},
  pages = {207202},
  numpages = {4},
  year = {2010},
  month = may,
  doi = {10.1103/PhysRevLett.104.207202},
  publisher = {American Physical Society}
}


@Article{KSV.07,
  title = {Dimensionality-induced entanglement in macroscopic dimer systems},
  author = {Kaszlikowski, Dagomir  and Son, Wonmin  and Vedral, Vlatko },
  journal = {Phys. Rev. A},
  volume = {76},
  number = {5},
  pages = {054302},
  numpages = {4},
  year = {2007},
  month = nov,
  doi = {10.1103/PhysRevA.76.054302},
  publisher = {American Physical Society}
}

@Article{HXG.08,
  title = {Exact solution of a Yang-Baxter spin- $1/2$  chain model and quantum entanglement},
  author = {Hu, Ming-Guang  and Xue, Kang  and Ge, Mo-Lin },
  journal = {Phys. Rev. A},
  volume = {78},
  number = {5},
  pages = {052324},
  numpages = {6},
  year = {2008},
  month = nov,
  doi = {10.1103/PhysRevA.78.052324},
  publisher = {American Physical Society}
}




@Article{GB.02,
  title = {Largest separable balls around the maximally mixed bipartite quantum state},
  author = {Gurvits, Leonid  and Barnum, Howard },
  journal = {Phys. Rev. A},
  volume = {66},
  number = {6},
  pages = {062311},
  numpages = {7},
  year = {2002},
  month = dec,
  doi = {10.1103/PhysRevA.66.062311},
  publisher = {American Physical Society}
}



@Article{GB.03,
  title = {Separable balls around the maximally mixed multipartite quantum states},
  author = {Gurvits, Leonid  and Barnum, Howard },
  journal = {Phys. Rev. A},
  volume = {68},
  number = {4},
  pages = {042312},
  numpages = {8},
  year = {2003},
  month = oct,
  doi = {10.1103/PhysRevA.68.042312},
  publisher = {American Physical Society}
}







@article{Ho.96,
title = {Separability of mixed states: necessary and sufficient conditions},
journal = {Physics Letters A},
volume = {223},
number = {1-2},
pages = {1-8},
year = {1996},
issn = {0375-9601},
doi = {http://dx.doi.org/10.1016/S0375-9601(96)00706-2},
url = {http://www.sciencedirect.com/science/article/pii/S0375960196007062},
author = "Michal Horodecki and Pawel Horodecki and Ryszard Horodecki"
}


@Article{HHH.98,
  title = {Mixed-State Entanglement and Distillation: Is there a ``Bound'' Entanglement in Nature?},
  author = {Horodecki, Micha\l{}  and Horodecki, Pawe\l{}  and Horodecki, Ryszard },
  journal = {Phys. Rev. Lett.},
  volume = {80},
  number = {24},
  pages = {5239--5242},
  numpages = {3},
  year = {1998},
  month = jun,
  doi = {10.1103/PhysRevLett.80.5239},
  publisher = {American Physical Society}
}



@PhdThesis{EiserTe.01,
  author = 	 {Jens Eisert},
  title = 	 {Entanglement in Quantum Information Theory},
  school = 	 {University of Potsdam},
  year = 	 {2001},
}



@Article{Sm.01,
  title = {Four-party unlockable bound entangled state},
  author = {Smolin, John A.},
  journal = {Phys. Rev. A},
  volume = {63},
  number = {3},
  pages = {032306},
  numpages = {4},
  year = {2001},
  month = feb,
  doi = {10.1103/PhysRevA.63.032306},
  publisher = {American Physical Society}
}

@Article{SST.03,
  title = {Superactivation of Bound Entanglement},
  author = {Shor, Peter W. and Smolin, John A. and Thapliyal, Ashish V.},
  journal = {Phys. Rev. Lett.},
  volume = {90},
  number = {10},
  pages = {107901},
  numpages = {4},
  year = {2003},
  month = mar,
  doi = {10.1103/PhysRevLett.90.107901},
  publisher = {American Physical Society}
}

@Article{Dur.01,
  title = {Multipartite Bound Entangled States that Violate Bell's Inequality},
  author = {D\"ur, W. },
  journal = {Phys. Rev. Lett.},
  volume = {87},
  number = {23},
  pages = {230402},
  numpages = {4},
  year = {2001},
  month = nov,
  doi = {10.1103/PhysRevLett.87.230402},
  publisher = {American Physical Society}
}


@inproceedings{Deutsch.92,
author={David Deutsch and Richard Jozsa},
year={1992},
title={Rapid solutions of problems by quantum computation},
booktitle={Proceedings of the Royal Society of London A},
organization={Royal Society},
volume={ 439},
page={553}
}


@inproceedings{Deutsch.85,
author={David Deutsch},
address={London},
year={1985},
title={The Church-Turing principle and the universal quantum computer},
booktitle={Proceedings of the Royal Society of London A},
volume={ 400},
organization={Royal Society},
page={97}
}




%%%%%%%%%%%%%%%%%%%%%%%%%%%%%%%%%%%%%%%%%%%%%%%%%%%
%
%    Simulability of quantum process and states
%
%%%%%%%%%%%%%%%%%%%%%%%%%%%%%%%%%%%%%%%%%%%%%%%%%%%







@Article{DR.01,
  title = {Spectroscopy of discrete energy levels in
       ultrasmall metallic grains},
  author = {Jan {von Delft} and  D.C. Ralph},
  journal = {Phys. Report},
  volume = {345},
  pages = {61},
  numpages = {112},
  year = {2001},
  publisher = {ELSEVIER}
}






@Article{KMN.06,
  title = {Comb entanglement in quantum spin chains},
  author = {Keating, J. P. and Mezzadri, F.  and Novaes, M. },
  journal = {Phys. Rev. A},
  volume = {74},
  number = {1},
  pages = {012311},
  numpages = {6},
  year = {2006},
  month = jul,
  doi = {10.1103/PhysRevA.74.012311},
  publisher = {American Physical Society}
}



@Article{H.83,
  title = {Discrete Hubbard-Stratonovich transformation for fermion lattice models},
  author = {Hirsch, J. E.},
  journal = {Phys. Rev. B},
  volume = {28},
  number = {7},
  pages = {4059--4061},
  numpages = {2},
  year = {1983},
  month = oct,
  doi = {10.1103/PhysRevB.28.4059},
  publisher = {American Physical Society}
}

@Article{H.59,
  title = {Calculation of Partition Functions},
  author = {Hubbard, J. },
  journal = {Phys. Rev. Lett.},
  volume = {3},
  number = {2},
  pages = {77--78},
  numpages = {1},
  year = {1959},
  month = jul,
  doi = {10.1103/PhysRevLett.3.77},
  publisher = {American Physical Society}
}





%%%%%%%%%%%%%%%%%%%%%%%%%%%%%%%%%%%%%%%%%%%%%%%%%%%%%%%%%%%%%%%%%%%%%%%%%%%%%%%%%%%%%%%%
%%%    Tema:    Articulos sobre entrelazamiento global en el modelo de lipkin




@Article{AA.06,
  title = {Divergence of the entanglement range in low-dimensional quantum systems},
  author = {Amico, L.  and Baroni, F.  and Fubini, A.  and Patan\`e, D.  and Tognetti, V.  and Verrucchi, Paola },
  journal = {Phys. Rev. A},
  volume = {74},
  number = {2},
  pages = {022322},
  numpages = {5},
  year = {2006},
  month = aug,
  doi = {10.1103/PhysRevA.74.022322},
  publisher = {American Physical Society}
}







@Article{WVB.10,
  author = {Wichterich, Hannu  and Vidal, Julien  and Bose, Sougato },
  title = {Universality of the negativity in the Lipkin\-Meshkov\-Glick model},
  journal = {Phys. Rev. A},
  volume = {81},
  number = {3},
  pages = {032311},
  numpages = {4},
  year = {2010},
  month = mar,
  doi = {10.1103/PhysRevA.81.032311},
  publisher = {American Physical Society}
} 



%%%%%%%%%%%%%%%%%%%%%%%%%%%%%%%%%%%%%%%%%%%%%%%%%%%%%%%%%%%%%%%%%%%%%%
%%%%%    Entanglement in many body



@Article{PhysRevA.61.052306,
  title = {Distributed entanglement},
  author = {Coffman, Valerie  and Kundu, Joydip  and Wootters, William K.},
  journal = {Phys. Rev. A},
  volume = {61},
  number = {5},
  pages = {052306},
  numpages = {5},
  year = {2000},
  month = apr,
  doi = {10.1103/PhysRevA.61.052306},
  publisher = {American Physical Society},
 notes={  arXiv:cond-mat/0904.1213.  }
}






%%%%%%%%%%%%%%%%%%%%%%%%%%%%%%%%%%%%%%%%%%%%%%%%%%%%%%%%%%%%%%%%%%%%%%%%%%%%%%%%%%%%%%%%
%%% Tema:  Computacion cuántica


@Article{BD1993,
  title = {Teleporting an unknown quantum state via dual classical and Einstein-Podolsky-Rosen channels},
  author = {Bennett, Charles H. and Brassard, Gilles  and Cr\'epeau, Claude  and Jozsa, Richard  and Peres, Asher  and Wootters, William K.},
  journal = {Phys. Rev. Lett.},
  volume = {70},
  number = {13},
  pages = {1895--1899},
  numpages = {4},
  year = {1993},
  month = mar,
  doi = {10.1103/PhysRevLett.70.1895},
  publisher = {American Physical Society}
}



%%%  Papers clásicos....


@ARTICLE{ Schr.1935,
 author= {Edwin Schr\"odinger} ,
 title={Die gegenw\"artige Situation in der Quantenmechanik},
 journal= { Naturwissenschaften} ,
 pages=  {807} ,
 year= {1935} ,
 volume=  {23}, 
 notes={Proc. Cam. Philos. Soc. 31, 555(1935).}
}




@ARTICLE{ Dz.57,
 author= {I. E. Dzyaloshinskii} ,
title={Thermodynamic theory of 'weak' ferromagnetism in antiferromagnetic substances },
 journal= { Sov. Phys. JETP } ,
 pages=  {1259} ,
 year= {1957} ,
 volume=  {5}, 
 notes={T. Moriya, Phys. Rev. 120, 91 (1960).}
}


@Article{BP.53,
  title = {A Collective Description of Electron Interactions: III. Coulomb Interactions in a Degenerate Electron Gas},
  author = {Bohm, David  and Pines, David },
  journal = {Phys. Rev.},
  volume = {92},
  number = {3},
  pages = {609--625},
  numpages = {16},
  year = {1953},
  month = nov,
  doi = {10.1103/PhysRev.92.609},
  publisher = {American Physical Society}
}




@Article{W.89,
  title = {Quantum states with Einstein-Podolsky-Rosen correlations admitting a hidden-variable model},
  author = {Werner, Reinhard F.},
  journal = {Phys. Rev. A},
  volume = {40},
  number = {8},
  pages = {4277-4281},
  numpages = {4},
  year = {1989},
  month = oct,
  doi = {10.1103/PhysRevA.40.4277},
  publisher = {American Physical Society},
 notes={  arXiv:cond-mat/0904.1213.}
}






@Article{ECP.010,
  title = {Colloquium: Area laws for the entanglement entropy},
  author = {Eisert, J.  and Cramer, M.  and Plenio, M. B.},
  journal = {Rev. Mod. Phys.},
  volume = {82},
  number = {1},
  pages = {277--306},
  numpages = {29},
  year = {2010},
  month = feb,
  doi = {10.1103/RevModPhys.82.277},
  publisher = {American Physical Society}
}







@Article{EP.03,
  author ={J. Eisert and M.B. Plenio},
  title ={Introduction to the basics of entanglement theory in continuous-variable systems},
  journal = {Int. J. Quant. Inf.},
  volume= {1},
  page={479},
  year={2003}
}



@Article{BDV.06,
  title = {Entanglement Entropy beyond the Free Case},
  author = {Barthel, Thomas  and Dusuel, S\'ebastien  and Vidal, Julien },
  journal = {Phys. Rev. Lett.},
  volume = {97},
  number = {22},
  pages = {220402},
  numpages = {4},
  year = {2006},
  month = nov,
  doi = {10.1103/PhysRevLett.97.220402},
  publisher = {American Physical Society}
}


@article{PhysRevA.84.012313,
  title = {Conservation law for distributed entanglement of formation and quantum discord},
  author = {Fanchini, Felipe F. and Cornelio, Marcio F. and de Oliveira, Marcos C. and Caldeira, Amir O.},
  journal = {Phys. Rev. A},
  volume = {84},
  issue = {1},
  pages = {012313},
  numpages = {4},
  year = {2011},
  month = jul,
  doi = {10.1103/PhysRevA.84.012313},
  url = {http://link.aps.org/doi/10.1103/PhysRevA.84.012313},
  publisher = {American Physical Society}
}


@article{PhysRevA.69.022309,
  title = {Monogamy of quantum entanglement and other correlations},
  author = {Koashi, Masato and Winter, Andreas},
  journal = {Phys. Rev. A},
  volume = {69},
  issue = {2},
  pages = {022309},
  numpages = {6},
  year = {2004},
  month = feb,
  doi = {10.1103/PhysRevA.69.022309},
  url = {http://link.aps.org/doi/10.1103/PhysRevA.69.022309},
  publisher = {American Physical Society}
}


@Article{MRPR.09,
  title = {Critical and noncritical long-range entanglement in Klein-Gordon fields},
  author = {Marcovitch, S.  and Retzker, A.  and Plenio, M. B. and Reznik, B. },
  journal = {Phys. Rev. A},
  volume = {80},
  number = {1},
  pages = {012325},
  numpages = {4},
  year = {2009},
  month = jul,
  doi = {10.1103/PhysRevA.80.012325},
  publisher = {American Physical Society}
}



@Article{WMB.09,
  title = {Scaling of entanglement between separated blocks in spin chains at criticality},
  author = {Wichterich, H.  and Molina-Vilaplana, J.  and Bose, S. },
  journal = {Phys. Rev. A},
  volume = {80},
  number = {1},
  pages = {010304},
  numpages = {4},
  year = {2009},
  month = jul,
  doi = {10.1103/PhysRevA.80.010304},
  publisher = {American Physical Society}
}


@Article{PT.04,
  title = {Quantum information and relativity theory},
  author = {Peres, Asher  and Terno, Daniel R.},
  journal = {Rev. Mod. Phys.},
  volume = {76},
  number = {1},
  pages = {93},
  year = {2004},
  month = jan,
  doi = {10.1103/RevModPhys.76.93},
  publisher = {American Physical Society}
}

@Article{Dohe.04,
  title = {Complete family of separability criteria},
  author = {Doherty, Andrew C. and Parrilo, Pablo A. and Spedalieri, Federico M.},
  journal = {Phys. Rev. A},
  volume = {69},
  number = {2},
  pages = {022308},
  numpages = {20},
  year = {2004},
  month = feb,
  doi = {10.1103/PhysRevA.69.022308},
  publisher = {American Physical Society}
}

@Article{NK.01,
  title = {Separable States Are More Disordered Globally than Locally},
  author = {Nielsen, M. A. and Kempe, J. },
  journal = {Phys. Rev. Lett.},
  volume = {86},
  number = {22},
  pages = {5184--5187},
  numpages = {3},
  year = {2001},
  month = may,
  doi = {10.1103/PhysRevLett.86.5184},
  publisher = {American Physical Society}
}


%%%%%%%%%%%%%%%%%%%%%%%%%%%%%%%%%%%%%%%%%%%%%%%%%%%%%%%%
%%%%%%%%   path integral representation

@article{KLT.83,
title = "Functional integral mean field expansions for nuclear many fermion systems",
journal = "Annals of Physics",
volume = "148",
number = "2",
pages = "436 - 461",
year = "1983",
note = "",
issn = "0003-4916",
doi = "DOI: 10.1016/0003-4916(83)90246-4",
url = "http://www.sciencedirect.com/science/article/B6WB1-4DF4YMN-WC/2/df92605893aba19afd34ba1b4184fc3b",
author = "A. K. Kerman and S. Levit and T. Troudet"
}

@Article{Str.97,
title={Path integral, semiclassical and stochastic propagators for Markovian open quantum systems},
journal={J. Phys. A},
year={1997},
author={Walter T Strunz},
page={4053}
}



@Article{Ta.04,
title={Path integral of Quantum Operators},
author={Vasily E. Tarasov},
volume={37},
page={3241},
year={2004},
journal={Journal of Physics A}
}



%%%%%%%%%%%%%%%%%%%%%%%%%%%%%%%%%%%%%%%%%
%%% RPA / CSPA

@Article{PhysRevLett.5.102,
  title = {Theory of a Heisenberg Ferromagnet in the Random Phase Approximation},
  author = {Englert, F. },
  journal = {Phys. Rev. Lett.},
  volume = {5},
  number = {3},
  pages = {102--103},
  numpages = {1},
  year = {1960},
  month = aug,
  doi = {10.1103/PhysRevLett.5.102},
  publisher = {American Physical Society}
}



@Article{MSD.72,
  title = {Thermodynamic Properties of Small Superconducting Particles},
  author = {M\"uhlschlegel, B.  and Scalapino, D. J. and Denton, R. },
  journal = {Phys. Rev. B},
  volume = {6},
  number = {5},
  pages = {1767--1777},
  numpages = {10},
  year = {1972},
  month = sep,
  doi = {10.1103/PhysRevB.6.1767},
  publisher = {American Physical Society}
}


@article{PBB.91,
title = "The RPA-SPA approximation to level densities",
journal = "Annals of Physics",
volume = "206",
number = "2",
pages = "409 - 439",
year = "1991",
note = "",
issn = "0003-4916",
doi = "DOI: 10.1016/0003-4916(91)90006-T",
url = "http://www.sciencedirect.com/science/article/B6WB1-4DDR4J9-YP/2/02d2ee1b5e36a8cb96a7ccc8aa8f628e",
author = "G. Puddu and P. F. Bortignon and R. A. Broglia"
}

@article{AA.97,
title = "The perturbed static path approximation at finite temperature: observables and strength functions",
journal = "Nuclear Physics A",
volume = "625",
number = "3",
pages = "565 - 597",
year = "1997",
note = "",
issn = "0375-9474",
doi = "DOI: 10.1016/S0375-9474(97)00486-7",
url = "http://www.sciencedirect.com/science/article/B6TVB-3SPXRRX-20/2/67bfd5d811101a59aa3cc29acd910914",
author = "H. Attias and Y. Alhassid"
}


@Article{Str.57,
  author = 	 {R. L. Stratonovich},
  title = 	 {??},
  page =  {1097},
  volume  = {115},
  journal = 	 {Dokl. Akad. Nauk SSSR},
  year = 	 {1957},
  note={ [Sov. Phys. Dokl. 2, 458 (1958)]; J. Hubbard, Phys. Rev. Lett. 3, 77 (1959)}
}

@Article{Hu.59,
  title = {Calculation of Partition Functions},
  author = {Hubbard, J. },
  journal = {Phys. Rev. Lett.},
  volume = {3},
  number = {2},
  pages = {77--78},
  numpages = {1},
  year = {1959},
  month = jul,
  doi = {10.1103/PhysRevLett.3.77},
  publisher = {American Physical Society}
}


@Article{KH.05,
  title = {Contour integral method for thermal and quantal fluctuations},
  author = {Kaneko, K.  and Hasegawa, M. },
  journal = {Phys. Rev. C},
  volume = {72},
  number = {6},
  pages = {061306},
  numpages = {5},
  year = {2005},
  month = dec,
  doi = {10.1103/PhysRevC.72.061306},
  publisher = {American Physical Society}
}



@Article{ZKSS.05,
author={Shiwei Zhang and Henry Krakauer and Wissam A. Al-Saidi and Malliga Suewattana},
title={Quantum simulations of realistic systems by auxiliary fields},
journal={Comp. Phys. Comm.},
volume={169}, 
number={1-3},
month=jul,
year={2005},
pages={394-399}
}

@Article{Bae.04,
  title = {Grand canonical auxiliary field Monte Carlo: a new technique for simulating open systems at high density},
  author = {S.A. Baeurle},
  journal = {Comp. Phys. Comm.},
  volume = {157},
  number = {3},
  pages = {201-206},
  numpages = {5},
  year = {2004},
  month = mar,
  doi = {10.1016/j.comphy.2003.11.001},
  publisher = {Elsevier},
notes= {Baeurle, Int Jour Theor Phys {\bf 41},1915-1930 (2005);  Baeurle,  Phys Rev. Lett. {\bf 89}, 080602 (2002) }
}




@article{CGSZ.11,
  title = {Auxiliary-field quantum Monte Carlo method for strongly paired fermions},
  author = {Carlson, J. and Gandolfi, Stefano and Schmidt, Kevin E. and Zhang, Shiwei},
  journal = {Phys. Rev. A},
  volume = {84},
  issue = {6},
  pages = {061602},
  numpages = {5},
  year = {2011},
  month = dec,
  publisher = {American Physical Society},
  doi = {10.1103/PhysRevA.84.061602},
  url = {http://link.aps.org/doi/10.1103/PhysRevA.84.061602}
}


@article{SaZK.06,
   author = "Al-Saidi, W. A. and Zhang, Shiwei and Krakauer, Henry",
   title = "Auxiliary-field quantum Monte Carlo calculations of molecular systems with a Gaussian basis",
   journal = "J. Chem. Phys.",
   year = 2006,
   volume = 124,
   number = 22, 
   eid = 224101,
   pages = "-",
   url = "http://scitation.aip.org/content/aip/journal/jcp/124/22/10.1063/1.2200885",
   doi = "http://dx.doi.org/10.1063/1.2200885" 
}


@article{ChiaZ.10,
  title = {Spin and Charge Order in the Doped Hubbard Model: Long-Wavelength Collective Modes},
  author = {Chang, Chia-Chen and Zhang, Shiwei},
  journal = {Phys. Rev. Lett.},
  volume = {104},
  issue = {11},
  pages = {116402},
  numpages = {4},
  year = {2010},
  month = mar,
  publisher = {American Physical Society},
  doi = {10.1103/PhysRevLett.104.116402},
  url = {http://link.aps.org/doi/10.1103/PhysRevLett.104.116402}
}




@article{PKZ.09,
  title = {Pressure-induced diamond to <span class="aps-inline-formula"><math display="inline"><mi>β</mi></math></span>-tin transition in bulk silicon: A quantum Monte Carlo study},
  author = {Purwanto, Wirawan and Krakauer, Henry and Zhang, Shiwei},
  journal = {Phys. Rev. B},
  volume = {80},
  issue = {21},
  pages = {214116},
  numpages = {9},
  year = {2009},
  month = dec,
  publisher = {American Physical Society},
  doi = {10.1103/PhysRevB.80.214116},
  url = {http://link.aps.org/doi/10.1103/PhysRevB.80.214116}
}





@article{vn.27,
author={J. {von Neumann}},
title={Wahrscheinlichkeitstheoretischer Aufbau der Quantenmechanik},
journal={G\"ottinger Nachrichten},
year={1927},
pages={245}
}

@article{Wh,
  title = {General properties of entropy},
  author = {Wehrl, Alfred},
  journal = {Rev. Mod. Phys.},
  volume = {50},
  issue = {2},
  pages = {221--260},
  numpages = {0},
  year = {1978},
  month = apr,
  publisher = {American Physical Society},
  doi = {10.1103/RevModPhys.50.221},
  url = {http://link.aps.org/doi/10.1103/RevModPhys.50.221}
}


@article{V.07,
author={G. Vidal},
title={Entanglement renormalization.},
journal={Phys. Rev. Lett.},
year={2007},
pages={99:220405}
}




@Article{PRA.90,
  title = {Extended mean-field treatments and information theory},
  author = {R. Rossignoli and A. Plastino},
  journal = {Phys. Rev. A},
  volume = {42},
  number = {1},
  pages = {2065},
  numpages = {10},
  year = {1990},
  month = sep,
  doi = {1},
  publisher = {American Physical Society}}


@Article{PRC.89,
  title = {Generalized statistical self-consistent approach},
  author = {Rossignoli R. and Plastino A. },
  journal = {Phys. Rev. C},
  volume = {40},
  number = {1},
  pages = {1798},
  numpages = {10},
  year = {1989},
  month = sep,
  doi = {1},
  publisher = {American Physical Society}}

@Article{PRC.91,
  title = {Finite-temperature mean-field and higher-order approaches in canonical ensembles},
  author = {R. Rossignoli  and A. Plastino and H. G. Miller},
  journal = {Phys. Rev. C},
  volume = {43},
  number = {1},
  pages = {1599},
  numpages = {10},
  year = {1991},
  month = sep,
  doi = {1},
  publisher = {American Physical Society}}


@Article{RS.07,
  title = {Entanglement generation resonances in  {$XY$}  chains},
  author = {Rossignoli, R.  and Schmiegelow, C. T.},
  journal = {Phys. Rev. A},
  volume = {75},
  number = {1},
  pages = {012320},
  numpages = {9},
  year = {2007},
  month = jan,
  doi = {10.1103/PhysRevA.75.012320},
  publisher = {American Physical Society}
}


@Article{RC.02,
  title = {Generalized entropic criterion for separability},
  author = {R. Rossignoli and N. Canosa},
  journal = {Phys. Rev. A},
  volume = {66},
  number = {4},
  pages = {042306},
  numpages = {6},
  year = {2002},
  month = oct,
  doi = {10.1103/PhysRevA.66.042306},
  publisher = {American Physical Society}
}

@article{CR.02,
        author={Canosa,N. and Rossignoli,R.},
        year={2002},
        title={Generalized nonadditive entropies and quantum entanglement},
        journal={Physical Review Letters},
        volume={88},
        number={17},
        pages={1704011-1704014}
}


@article{Gr.01,
        author={F. Giraldi and P. Grigolini},
        year={2001},
        title={ Quantum entanglement and entropy.},
        journal={Phys. Rev. A},
        volume={64},
        number={2},
        pages={032310}
}





@Article{CRM.10,
  title = {Separability and entanglement in finite dimer-type chains in general transverse fields},
  author = {Canosa, N. and  Rossignoli, R.  and Matera, J. M.},
  journal = {Phys. Rev. B},
  volume = {81},
  number = {5},
  pages = {054415},
  numpages = {9},
  year = {2010},
  month = feb,
  doi = {10.1103/PhysRevB.81.054415},
  publisher = {American Physical Society}
}




@Article{MRC.10,
  title = {Evaluation of ground-state entanglement in spin systems with the random phase approximation},
  author = {Matera, J. M. and Rossignoli, R.  and Canosa, N. },
  journal = {Phys. Rev. A},
  volume = {82},
  number = {5},
  pages = {052332},
  numpages = {11},
  year = {2010},
  month = nov,
  doi = {10.1103/PhysRevA.82.052332},
  publisher = {American Physical Society}
}


@article{MRC.12,
  title = {Entanglement and area laws in weakly correlated Gaussian states},
  author = {Matera, J. M. and Rossignoli, R. and Canosa, N.},
  journal = {Phys. Rev. A},
  volume = {86},
  issue = {6},
  pages = {062324},
  numpages = {10},
  year = {2012},
  month = dec,
  doi = {10.1103/PhysRevA.86.062324},
  url = {http://link.aps.org/doi/10.1103/PhysRevA.86.062324},
  publisher = {American Physical Society}
}






%%%%%%%%%%%%%%%%%%%%%%%%%%%%%%%%%%%%%%%%%%%%%%%%%%%%%%%%%%%%%%%%%%%%%%%%%%%%%%%%%%%%%%%%
%%% Articulos nuestros sobre RPA



%%% Articulos nuestros sobre campo factorizante



@Article{RCM.08,
  title = {Entanglement of finite cyclic chains at factorizing fields},
  author = {Rossignoli, R.  and Canosa, N.  and Matera, J. M.},
  journal = {Phys. Rev. A},
  volume = {77},
  number = {5},
  pages = {052322},
  numpages = {6},
  year = {2008},
  month = may,
  doi = {10.1103/PhysRevA.77.052322},
  publisher = {American Physical Society}
}





@article{CMR.07,
        author={Canosa,N. and Matera,J. M. and Rossignoli,R.},
        year={2007},
        title={Description of thermal entanglement with the static path plus random-phase approximation},
        journal={Phys. Rev. A},
        volume={76},
        number={2},
        pages={022310}
}



@Article{MCR.07,
  title = {Description of thermal entanglement with the static path plus random-phase approximation},
  author = {Canosa, N.  and Matera, J. M. and Rossignoli, R. },
  journal = {Phys. Rev. A},
  volume = {76},
  number = {2},
  pages = {022310},
  numpages = {9},
  year = {2007},
  month = aug,
  doi = {10.1103/PhysRevA.76.022310},
  publisher = {American Physical Society}
}


@Article{MRC.08,
  title = {Evaluation of pairwise entanglement in translationally invariant systems with the random phase approximation},
  author = {Matera, J. M. and Rossignoli, R.  and Canosa, N. },
  journal = {Phys. Rev. A},
  volume = {78},
  number = {4},
  pages = {042319},
  numpages = {6},
  year = {2008},
  month = oct,
  doi = {10.1103/PhysRevA.78.042319},
  publisher = {American Physical Society},
notes={  S.M. Giampaolo and others, Phys. Rev. A { 77}, 012319 (2008).}
}





@Article{MRC0.08,
  title = {Thermal entanglement in fully connected spin systems and its random-phase-approximation description},
  author = {Matera, J. M. and Rossignoli, R.  and Canosa, N. },
  journal = {Phys. Rev. A},
  volume = {78},
  number = {1},
  pages = {012316},
  numpages = {8},
  year = {2008},
  month = jul,
  doi = {10.1103/PhysRevA.78.012316},
  publisher = {American Physical Society}
}




%%%%%%%%%%%%%%%%%%%%%%%%%%%%%%%%%%%%%%%%%%%%%%%%%%%%%%%%%%%%%%%%%%%%%%%%%%%%%%%%%%%%%%%%
%%% Articulos nuestros sobre RPA

@article{MRC1.08,
        author={Matera,J. M. and Rossignoli,R. and Canosa,N.},
        year={2008},
        title={Evaluation of pairwise entanglement in translationally invariant systems with the random phase approximation},
        journal={Phys. Rev. A},
        volume={78},
        number={4},
        pages={042319}
}

@article{MRC2.08,
        author={Matera,J. M. and Rossignoli,R. and Canosa,N.},
        year={2008},
        title={Thermal entanglement in fully connected spin systems and its random-phase-approximation description},
        journal={Phys. Rev. A},
        volume={78},
        number={1},
        pages={012316}
}

@PhdThesis{PhDMatera,
  author = 	 {Juan Mauricio Matera},
  title = 	 {Quantum entanglement in many-body systems},
  school = 	 {Fac. de Ciencias Exactas, UNLP},
  year = 	 {2011},
  url ={http://sedici.unlp.edu.ar/search/request.php?id_document=ARG-UNLP-TPG-0000002485&request=request} 
}

@PhdThesis{PhDRossignoli,
  author = 	 {R. Rossignoli},
  title = 	 {Aspectos estad\'{\i}sticos de tratamientos autoconsistentes en sistemas cu\'anticos de muchos cuerpos},
  school = 	 {Fac. de Ciencias Exactas, UNLP},
  year = 	 {1987}}




%%% Articulos nuestros sobre campo factorizante









%%%%%%%%%%%%%%%%%%%%%%%%%%%%%%%%%%%%%%%%%%%%%%%%%%%%%%%%%%%%%%%%%%%%%%%%%%%%%%%%%%%%%%%%
%%% Articulos nuestros sobre Leyes de áreas



@article{RCM.11,
  title = {Even-odd entanglement in boson and spin systems},
  author = {Rossignoli, R. and Canosa, N. and Matera, J. M.},
  journal = {Phys. Rev. A},
  volume = {83},
  issue = {4},
  pages = {042328},
  numpages = {8},
  year = {2011},
  month = apr,
  publisher = {American Physical Society},
  doi = {10.1103/PhysRevA.83.042328},
  url = {http://link.aps.org/doi/10.1103/PhysRevA.83.042328}
}


%%%%%%%%%%%%%%%%%%%%%%%%%%%%%%%%%%%%%%%%%%%%%%%%%%%%%%%%%%%%%%%%%%%%%%%%%%%%%%%%%%%%%%%%
%%% Articulos nuestros sobre Discord


@article{RMC.12,
  title = {Measurements, quantum discord, and parity in spin-1 systems},
  author = {Rossignoli, R. and Matera, J. M. and Canosa, N.},
  journal = {Phys. Rev. A},
  volume = {86},
  issue = {2},
  pages = {022104},
  numpages = {7},
  year = {2012},
  month = aug,
  doi = {10.1103/PhysRevA.86.022104},
  url = {http://link.aps.org/doi/10.1103/PhysRevA.86.022104},
  publisher = {American Physical Society}
}

@Article{RC.01,
  title = {Thermal dependence of pairing correlations in small superconducting particles in a finite magnetic field},
  author = {Rossignoli, R.  and Canosa, N. },
  journal = {Phys. Rev. B},
  volume = {63},
  number = {13},
  pages = {134523},
  numpages = {7},
  year = {2001},
  month = mar,
  doi = {10.1103/PhysRevB.63.134523},
  publisher = {American Physical Society}
}

@Article{RC.03,
  title = {Violation of majorization relations in entangled states and its detection by means of generalized entropic forms},
  author = {Rossignoli, R.  and Canosa, N. },
  journal = {Phys. Rev. A},
  volume = {67},
  number = {4},
  pages = {042302},
  numpages = {6},
  year = {2003},
  month = apr,
  doi = {10.1103/PhysRevA.67.042302},
  publisher = {American Physical Society}
}

@Article{RC.05,
  title = {Global thermal entanglement in  $n$ -qubit systems},
  author = {Rossignoli, R.  and Canosa, N. },
  journal = {Phys. Rev. A},
  volume = {72},
  number = {1},
  pages = {012335},
  numpages = {8},
  year = {2005},
  month = jul,
  doi = {10.1103/PhysRevA.72.012335},
  publisher = {American Physical Society}
}

@inproceedings{RC.07,
        author={Rossignoli,R. and Canosa,N.},
        editor={ },
        year={2007},
        title={Quantum entanglement in quasispin models},
        volume={884},
        pages={433-434}
}

@article{RC.97,
        author={Rossignoli,R. and Canosa,N.},
        year={1997},
        title={The RPA correlations in the presence of thermal fluctuations},
        journal={Physics Letters, Section B: Nuclear, Elementary Particle and High-Energy Physics},
        volume={394},
        number={3-4},
        pages={242-246}
}

@article{RC.99,
        author={Rossignoli,R. and Canosa,N.},
        year={1999},
        title={Non-additive entropies and quantum statistics},
        journal={Physics Letters, Section A: General, Atomic and Solid State Physics},
        volume={264},
        number={2-3},
        pages={148-153}
}

@Article{RCC.10,
  title = {Generalized entropic measures of quantum correlations},
  author = {Rossignoli, R.  and Canosa, N.  and Ciliberti, L. },
  journal = {Phys. Rev. A},
  volume = {82},
  number = {5},
  pages = {052342},
  numpages = {9},
  year = {2010},
  month = nov,
  doi = {10.1103/PhysRevA.82.052342},
  publisher = {American Physical Society}
}


@Article{RCE.01,
  title = {Pair transfer spectral function at finite temperature in nanometer-scale superconducting grains},
  author = {Rossignoli, R.  and Canosa, N.  and Egido, J. L.},
  journal = {Phys. Rev. B},
  volume = {64},
  number = {22},
  pages = {224511},
  numpages = {9},
  year = {2001},
  month = nov,
  doi = {10.1103/PhysRevB.64.224511},
  publisher = {American Physical Society}
}

@article{RCE.96,
        author={Rossignoli,R. and Canosa,N. and Egido,J. L.},
        year={1996},
        title={Finite temperature canonical treatments in the static path approximation},
        journal={Nuclear Physics A},
        volume={605},
        number={1},
        pages={1-27}
}

@article{RCE.97,
        author={Rossignoli,R. and Canosa,N. and Egido,J. L.},
        year={1997},
        title={Microscopic treatment of fluctuations in finite quantum systems},
        journal={Zeitschrift fur Physik B-Condensed Matter},
        volume={103},
        number={2},
        pages={319-321}
}





@Article{RCR.03,
  title = {Effects of gap fluctuations on the pair-transfer correlation function in nanometer-scale superconducting grains},
  author = {Rossignoli, R.  and Canosa, N.  and Ring, P. },
  journal = {Phys. Rev. B},
  volume = {67},
  number = {14},
  pages = {144517},
  numpages = {9},
  year = {2003},
  month = apr,
  doi = {10.1103/PhysRevB.67.144517},
  publisher = {American Physical Society}
}




@Article{RCR.98,
  title = {Thermal and Quantal Fluctuations for Fixed Particle Number in Finite Superfluid Systems},
  author = {Rossignoli, R.  and Canosa, N.  and Ring, P. },
  journal = {Phys. Rev. Lett.},
  volume = {80},
  number = {9},
  pages = {1853--1856},
  numpages = {3},
  year = {1998},
  month = mar,
  doi = {10.1103/PhysRevLett.80.1853},
  publisher = {American Physical Society}
}


@article{RCR.99,
title = {Fluctuations and Odd-Even Effects in Small Superfluid Systems},
journal = {Annals of Physics},
volume = {275},
number = "1",
pages = "1 - 26",
year = "1999",
note = "",
issn = "0003-4916",
doi = "DOI: 10.1006/aphy.1999.5914",
url = "http://www.sciencedirect.com/science/article/B6WB1-45GW6B4-1W/2/41c911c75859a8299b164830f57067ce",
author = "R. Rossignoli and N. Canosa and P. Ring"
}


@article{RCR.99np,
        author={Rossignoli,R. and Canosa,N. and Ring,P.},
        year={1999},
        title={Microscopic description of hot nuclei: The SPA+RPA approach},
        journal={Nuclear Physics A},
        volume={654},
        number={1 SUPPL. 1},
        pages={719c-722c}
}


@article{RCpa.04,
        author={Rossignoli,R. and Canosa,N.},
        year={2004},
        title={Generalized disorder measures and the detection of quantum entanglement},
        journal={Physica A: Statistical Mechanics and its Applications},
        volume={344},
        number={3-4 SPEC. ISS.},
        pages={637-643}
}


@article{RCpl.04,
        author={Rossignoli,R. and Canosa,N.},
        year={2004},
        title={Limit temperature for entanglement in generalized statistics},
        journal={Physics Letters, Section A: General, Atomic and Solid State Physics},
        volume={323},
        number={1-2},
        pages={22-28}
}





@Article{RK.05,
  title = {Complex modes in unstable quadratic bosonic forms},
  author = {Rossignoli, R.  and Kowalski, A. M.},
  journal = {Phys. Rev. A},
  volume = {72},
  number = {3},
  pages = {032101},
  numpages = {5},
  year = {2005},
  month = sep,
  doi = {10.1103/PhysRevA.72.032101},
  publisher = {American Physical Society}
}


@article{RK.09,
        author={Rossignoli,R. and Kowalski,A. M.},
        year={2009},
        title={Stability, complex modes, and nonseparability in rotating quadratic potentials},
        journal={Physical Review A - Atomic, Molecular, and Optical Physics},
        volume={79},
        number={6},
        pages={062103}
}





@article{RZ.00,
        author={Rossignoli,R. and Zagorodny,J. P.},
        year={2000},
        title={Thermal gap fluctuations in d-wave superconductors},
        journal={Physics Letters, Section A: General, Atomic and Solid State Physics},
        volume={276},
        number={1-4},
        pages={149-154}
}




@article{RZC.99,
        author={Rossignoli,R. and Zagorodny,J. P. and Canosa,N.},
        year={1999},
        title={Parity and finite size effects in the thermodynamics of small superconductors},
        journal={Physics Letters, Section A: General, Atomic and Solid State Physics},
        volume={258},
        number={2-3},
        pages={188-194}
}







@article{RoCE.96,
        author={Rossignoli,R. and Canosa,N. and Egido,J. L.},
        year={1996},
        title={Spin-projected treatment of hot rotating nuclei in the static path approximation},
        journal={Nuclear Physics A},
        volume={607},
        number={3},
        pages={250-276}
}




@article{SRLR.02,
        author={Sheikh,J. A. and Ring,P. and Lopes,E. and Rossignoli,R.},
        year={2002},
        title={Pairing correlations and particle-number projection methods},
        journal={Physical Review C - Nuclear Physics},
        volume={66},
        number={4},
        pages={443181-4431810}
}


@article{MS.85,
        author={G. M\"uller and R. E. Shrock},
        year={1985},
        title={Implications of direct-product ground states in the one-dimensional
  quantum xyz and xy spin chains.},
        journal={Physical Review B},
        volume={32},
        pages={5845--5850}
}


@article{Woo.98,
        author={W. K. Wootters},
        year={1998},
        title={Entanglement of formation of an arbitrary state of two qubits.},
        journal={Physical Rev. Lett.},
        volume={80},
        pages={2245--2248}
}


@Article{GAI.08,
  title = {Theory of Ground State Factorization in Quantum Cooperative Systems},
  author = {Giampaolo, Salvatore M. and Adesso, Gerardo  and Illuminati, Fabrizio },
  journal = {Phys. Rev. Lett.},
  volume = {100},
  number = {19},
  pages = {197201},
  numpages = {4},
  year = {2008},
  month = may,
  doi = {10.1103/PhysRevLett.100.197201},
  publisher = {American Physical Society},
notes={  arXiv:cond-mat/0904.1213.  }
}


@Article{GAI.09,
  title = {Separability and ground-state factorization in quantum spin systems},
  author = {Giampaolo, Salvatore M. and Adesso, Gerardo  and Illuminati, Fabrizio },
  journal = {Phys. Rev. B},
  volume = {79},
  number = {22},
  pages = {224434},
  numpages = {19},
  year = {2009},
  month = jun,
  doi = {10.1103/PhysRevB.79.224434},
  publisher = {American Physical Society}
}




@Article{GG.09,
  title = {Ground-state factorization and quantum phase transition in dimerized spin chains},
  author = {Giorgi, Gian Luca},
  journal = {Phys. Rev. B},
  volume = {79},
  number = {6},
  pages = {060405},
  numpages = {4},
  year = {2009},
  month = feb,
  doi = {10.1103/PhysRevB.79.060405},
  publisher = {American Physical Society},
 notes={  arXiv:cond-mat/0904.1213.}
}





@Article{Gio.09,
  title = {Ground-state factorization and quantum phase transition in dimerized spin chains},
  author = {Giorgi, Gian Luca},
  journal = {Phys. Rev. B},
  volume = {79},
  number = {6},
  pages = {060405},
  numpages = {4},
  year = {2009},
  month = feb,
  doi = {10.1103/PhysRevB.79.060405},
  publisher = {American Physical Society}
}

@Article{KK.07,
 title={Separability and ground state factorization in quantum spin systems},
 author= {F. Franchini and others} ,
 journal= { J. Phys. A } ,
 page=  8467,
 year= 2007 ,
 volume=  40,
 notes={  arXiv:cond-mat/0904.1213.}
}





%%%%%%%%%%%%% System-time %%%%%%%%%%%%%%%%%%%%%%%%%

@Article{PaW.83,
  title = {},
  author = {D. N. Page and W. K. Wootters},
  journal = {Phys. Rev. D},
  volume = {27},
  number = {},
  pages = {2885},
  numpages = {},
  year = {1983},
  month = {},
  doi = {},
  publisher = {}
}

@Article{PaW.84,
  title = {},
  author = {W. K. Wootters},
  journal = {Int. J. Theor. Phys.},
  volume = {23},
  number = {},
  pages = {701},
  numpages = {},
  year = {1984},
  month = {},
  doi = {},
  publisher = {}
}

@Article{CR.91,   
  title = {},
  author = {C. Rovelli},
  journal = {Phys. Rev. D},
  volume = {42},
  number = {},
  pages = {2638},
  numpages = {},
  year = {1990},
  month = {},
  doi = {},
  publisher = {}
}

@Article{CR.94,
  title = {},
  author = {A. Connes, C. Rovelli},
  journal = {Class. Quant. Grav.},
  volume = {11},
  number = {},
  pages = {2899},
  numpages = {},
  year = {1994},
  month = {},
  doi = {},
  publisher = {}
}

@Article{IS.94, 
  title = {},
  author = {C. J. Isham},
  journal = {J. Math. Phys.},
  volume = {35},
  number = {},
  pages = {2157},
  numpages = {},
  year = {1994},
  month = {},
  doi = {},
  publisher = {}
}

@Article{M.14, 
  title = {},
  author = {E. Moreva, and others},
  journal = {Phys. Rev. A},
  volume = {89},
  number = {},
  pages = {052122},
  numpages = {},
  year = {2014},
  month = {},
  doi = {},
  publisher = {}
}

@Article{M.15, 
  title = {},
  author = {S. Massar and others},
  journal = {Phys. Rev. A},
  volume = {92},
  number = {},
  pages = {030102},
  numpages = {},
  year = {2015},
  month = {},
  doi = {},
  publisher = {}
}


@Article{FC.13, 
  title = {},
  author = {J.R. McClean, J.A. Parkhill, A. Aspuru-Guzik},
  journal = {Proc. Natl. Ac. Sci. U.S.A.},
  volume = {110},
  number = {},
  pages = {E3901},
  numpages = {},
  year = {2013},
  month = {},
  doi = {},
  publisher = {}
}

@Article{FC.15, 
  title = {},
  author = {J.R. McClean, A. Aspuru-Guzik},
  journal = {Phys. Rev. A},
  volume = {91},
  number = {},
  pages = {012311},
  numpages = {},
  year = {2015},
  month = {},
  doi = {},
  publisher = {}
}

@Article{CR.15, 
  title = {},
  author = {E. Castro-Ruiz, F. Giacomini, C. Brukner},
  journal = {arXiv:1507.01955},
  volume = { },
  number = {},
  pages = {},
  numpages = {},
  year = {2015},
  month = {},
  doi = {},
  publisher = {}
}


@Article{QT.15, 
  title = {},
  author = {V. Giovannetti, S. Lloyd, L. Maccone},
  journal = {Phys. Rev. D},
  volume = {92},
  number = {},
  pages = {045033},
  numpages = {},
  year = {2015},
  month = {},
  doi = {},
  publisher = {}
}

@Article{Ve.14, 
  title = {},
  author = {V. Vedral},
  journal = {arXiv:1408.6965},
  volume = {},
  number = {},
  pages = {},
  numpages = {},
  year = {2014},
  month = {},
  doi = {},
  publisher = {}
}


@Article{Ga.09, 
  title = {},
  author = {R. Gambini and R.A. Porto and J. Pullin and S. Torterolo},
  journal = {Phys. Rev. D},
  volume = {79},
  number = {},
  pages = {041501(R)},
  numpages = {},
  year = {2009},
  month = {},
  doi = {},
  publisher = {}
}


@Article{DW.67, 
  title = {},
  author = {B.S. DeWitt},
  journal = {Phys. Rev. D},
  volume = {160},
  number = {},
  pages = {1113},
  numpages = {},
  year = {1967},
  month = {},
  doi = {},
  publisher = {}
}

@Article{HH.83, 
  title = {},
  author = {J.B. Hartle, S.W. Hawking},
  journal = {Phys. Rev. D},
  volume = {28},
  number = {},
  pages = {2960},
  numpages = {},
  year = {1983},
  month = {},
  doi = {},
  publisher = {}
}


@Article{S2.00, 
  title = {},
  author = {V. Coffman, J. Kundu, W.K. Wootters},
  journal = {Phys. Rev. A},
  volume = {61},
  number = {},
  pages = {052306},
  numpages = {},
  year = {2000},
  month = {},
  doi = {},
  publisher = {}
}

@Article{GR.14, 
  title = {},
  author = {N. Gigena and R. Rossignoli},
  journal = {Phys. Rev. A},
  volume = {90},
  number = {},
  pages = {042318},
  numpages = {},
  year = {2014},
  month = {},
  doi = {},
  publisher = {}
}

@Article{T.13, 
  title = {},
  author = {T. Tanaka, G. Kimura, H. Nakazato},
  journal = {Phys. Rev. A},
  volume = {87},
  number = {},
  pages = {012303},
  numpages = {},
  year = {2013},
  month = {},
  doi = {},
  publisher = {}
}

@Article{T.12, 
  title = {},
  author = {T. Tanaka and others},
  journal = {Phys. Rev. A},
  volume = {85},
  number = {},
  pages = {042316},
  numpages = {},
  year = {2012},
  month = {},
  doi = {},
  publisher = {}
}

@Article{DCT.91, 
  title = {},
  author = {A. Dembo, T.M. Cover, J.A.Thomas},
  journal = {IEEE Trans. on Inf. Th.},
  volume = {37},
  number = {},
  pages = {1501},
  numpages = {},
  year = {1991},
  month = {},
  doi = {},
  publisher = {}
}


@Article{PDO.01, 
  title = {},
  author = {T. Przebinda and others},
  journal = {IEEE Trans. on Inf. Th.},
  volume = {47},
  number = {},
  pages = {2086},
  numpages = {},
  year = {2001},
  month = {},
  doi = {},
  publisher = {}
}


@Article{Hi.57, 
  title = {},
  author = {L.I. Hirschman},
  journal = {Amer. J. Math.},
  volume = {79},
  number = {},
  pages = {152},
  numpages = {},
  year = {1957},
  month = {},
  doi = {},
  publisher = {}
}

@Article{DS.89, 
  title = {},
  author = {D.L. Donoho, P.B. Stark},
  journal = {SIAM J. Appl. Math.},
  volume = {49},
  number = {},
  pages = {906},
  numpages = {},
  year = {1989},
  month = {},
  doi = {},
  publisher = {}
}

@Article{RF.89, 
  title = {},
  author = {R.F. Werner},
  journal = {Phys. Rev. A },
  volume = {40},
  number = {},
  pages = {4277},
  numpages = {},
  year = {1989},
  month = {},
  doi = {},
  publisher = {}
}

@Article{MS.08, 
  title = {},
  author = {S. Massar, P. Spindel},
  journal = {Phys. Rev. Lett.},
  volume = {100},
  number = {},
  pages = {190401},
  numpages = {},
  year = {2008},
  month = {},
  doi = {},
  publisher = {}
}

@Article{BV.96, 
  title = {},
  author = {C.H. Bennett and D.P. DiVincenzo and J.A. Smolin and W.K. Wootters},
  journal = {Phys. Rev. A},
  volume = {54},
  number = {},
  pages = {3824},
  numpages = {},
  year = {1996},
  month = {},
  doi = {},
  publisher = {}
}

@Article{DZ.01, 
  title = {},
  author = { H. Ollivier and W.H. Zurek},
  journal = {Phys. Rev. Lett.},
  volume = {88},
  number = {},
  pages = {017901},
  numpages = {},
  year = {2001},
  month = {},
  doi = {},
  publisher = {}
}

@Article{HV.01, 
  title = {},
  author = {L. Henderson and V. Vedral},
  journal = {Phys. Rev. A},
  volume = {34},
  number = {},
  pages = {6899},
  numpages = {},
  year = {2001},
  month = {},
  doi = {},
  publisher = {}
}

@Article{HV.03, 
  title = {},
  author = {V. Vedral},
  journal = {Phys. Rev. Lett.},
  volume = {90},
  number = {},
  pages = {050401},
  numpages = {},
  year = {2003},
  month = {},
  doi = {},
  publisher = {}
}

@Article{KM.12, 
  title = {},
  author = {K. Modi and others},
  journal = {Rev. Mod. Phys.},
  volume = {84},
  number = {},
  pages = {1655},
  numpages = {},
  year = {2012},
  month = {},
  doi = {},
  publisher = {}
}

@Article{DP.04, 
  title = {},
  author = {A. C. Doherty and P.A. Parrilo and F.M. Spedalieri},
  journal = {Phys. Rev. A},
  volume = {69},
  number = {},
  pages = {022308},
  numpages = {},
  year = {2004},
  month = {},
  doi = {},
  publisher = {}
}

@Article{YH.14, 
  title = {},
  author = {Y. Huang},
  journal = {New. J. Phys.},
  volume = {16},
  number = {},
  pages = {033027},
  numpages = {},
  year = {2014},
  month = {},
  doi = {},
  publisher = {}
}


@Article{Wo.97, 
  title = {},
  author = {S. Hill and W.K. Wootters},
  journal = {Phys. Rev. Lett.},
  volume = {78},
  number = {},
  pages = {5022},
  numpages = {},
  year = {1997},
  month = {},
  doi = {},
  publisher = {}
}

@Article{Wo.98, 
  title = {},
  author = {W.K. Wootters},
  journal = {Phys. Rev. Lett.},
  volume = {80},
  number = {},
  pages = {2245},
  numpages = {},
  year = {1998},
  month = {},
  doi = {},
  publisher = {}
}

@Article{OV.06, 
  title = {},
  author = {T.J. Osborne and F. Verstraete},
  journal = {Phys. Rev. Lett.},
  volume = {96},
  number = {},
  pages = {220503},
  numpages = {},
  year = {2006},
  month = {},
  doi = {},
  publisher = {}
}

@Article{Wi.12, 
  title = {},
  author = {F. Wilczek},
  journal = {Phys. Rev. Lett.},
  volume = {109},
  number = {},
  pages = {160401},
  numpages = {},
  year = {2012},
  month = {},
  doi = {},
  publisher = {}
}

%%%%%%%%%%%%%%%%%%%%%% History States os Systems and Operators


@Article{GL.15, 
  title = {},
  author = {V. Giovannetti and S. Lloyd and L. Maccone},
  journal = {Phys. Rev. D},
  volume = {92},
  number = {},
  pages = {045033},
  numpages = {},
  year = {2015},
  month = {},
  doi = {},
  publisher = {}
}



@Article{Mo.17, 
  title = {},
  author = {E. Moreva and others},
  journal = {Phys. Rev. D},
  volume = {96},
  number = {},
  pages = {102005},
  numpages = {},
  year = {2017},
  month = {},
  doi = {},
  publisher = {}
}

@Article{Ma.15, 
  title = {},
  author = {S. Massar and P. Spindel and A.F. Varón and C. Wunderlich},
  journal = {Phys. Rev. A},
  volume = {92},
  number = {},
  pages = {030102(R)},
  numpages = {},
  year = {2015},
  month = {},
  doi = {},
  publisher = {}
}

@Article{BR.16, 
  title = {System-time entanglement in a discrete-time model},
  author = {A. Boette and R. Rossignoli and N. Gigena and M. Cerezo},
  journal = {Phys. Rev. A},
  volume = {93},
  number = {},
  pages = {062127},
  numpages = {},
  year = {2016},
  month = {},
  doi = {10.1103/PhysRevA.93.062127},
  publisher = {American Physical Society}
}

@Article{Er.17, 
  title = {},
  author = {P. Erker and M.T. Mitchison and R. Silva and M.P. Woods and N. Brunner and M. Huber},
  journal = {Phys. Rev. X},
  volume = {7},
  number = {},
  pages = {031022},
  numpages = {},
  year = {2017},
  month = {},
  doi = {},
  publisher = {}
}

@Article{Pa.17, 
  title = {},
  author = {E. Dias and F. Parisio},
  journal = {Phys. Rev. A},
  volume = {95},
  number = {},
  pages = {032133},
  numpages = {},
  year = {2017},
  month = {},
  doi = {},
  publisher = {}
}



@Article{Ni.18, 
  title = {},
  author = {A. Nikolova and G. K. Brennen and T.J. Osborne and G.J. Milburn and T.M. Stace},
  journal = {Phys. Rev. A},
  volume = {97},
  number = {},
  pages = {030101(R)},
  numpages = {},
  year = {2018},
  month = {},
  doi = {},
  publisher = {}
}


@Article{Ll.18, 
  title = {},
  author = {P.J. Coles and V. Katariya and S. Lloyd and I. Marvian and M.M. Wilde},
  journal = {arXiv:1805.07772},
  volume = {},
  number = {},
  pages = {},
  numpages = {},
  year = {2018},
  month = {},
  doi = {},
  publisher = {}
}

@Article{Ja.72, 
  title = {},
  author = {A. Jamio{\l}kowski},
  journal = {Rep. Math. Phys.},
  volume = {3},
  number = {},
  pages = {275},
  numpages = {},
  year = {1972},
  month = {},
  doi = {},
  publisher = {}
}

@Article{Ch.75, 
  title = {},
  author = {M.D. Choi},
  journal = {Linear Algebra Appl.},
  volume = {10},
  number = {},
  pages = {285},
  numpages = {},
  year = {1975},
  month = {},
  doi = {},
  publisher = {}
}

@Article{Gr.05, 
  title = {},
  author = {R.B. Griffiths},
  journal = {Phys. Rev. A},
  volume = {71},
  number = {},
  pages = {042337},
  numpages = {},
  year = {2005},
  month = {},
  doi = {},
  publisher = {}
}

@Article{Du.05, 
  title = {},
  author = { W. D\"{u}r and M. Hein and J.I. Cirac and H.J. Briegel},
  journal = {Phys. Rev. A},
  volume = {72},
  number = {},
  pages = {052326},
  numpages = {},
  year = {2005},
  month = {},
  doi = {},
  publisher = {}
}


@Article{Mi.13, 
  title = {},
  author = { M. Jiang and S. Luo and S. Fu},
  journal = {Phys. Rev. A},
  volume = {87},
  number = {},
  pages = {022310},
  numpages = {},
  year = {2013},
  month = {},
  doi = {},
  publisher = {}
}


@Article{KL.98, 
  title = {},
  author = {E. Knill and R. Laflamme},
  journal = {Phys. Rev. Lett.},
  volume = {81},
  number = {},
  pages = {5672},
  numpages = {},
  year = {1998},
  month = {},
  doi = {},
  publisher = {}
}

@book{W,
author={H. Weyl},
year={1950},
title={The Theory of Groups and Quantum Mechanics},
organization={Dover, New York},
page={272-280}
}

@Article{Ga.88, 
  title = {},
  author = {D. Galetti and A.F.R. De Toledo Piza},
  journal = {Physica A},
  volume = {149},
  number = {},
  pages = {267–282},
  numpages = {},
  year = {1988},
  month = {},
  doi = {},
  publisher = {}
}

@Article{Er.16, 
  title = {},
  author = {A. Asadian and P. Erker and M. Huber and C Kl\"{o}ckl},
  journal = {Phys. Rev.  A},
  volume = {94},
  number = {},
  pages = {010301(R)},
  numpages = {},
  year = {2016},
  month = {},
  doi = {},
  publisher = {}
}

@book{Bha.97,
author={R. Bhatia},
year={1997},
title={Matrix Analysis},
organization={Springer-Verlag, New York},
page={}
}


@Article{CR.03, 
  title = {},
  author = {N. Canosa and R. Rossignoli},
  journal = {Phys. Rev.  A},
  volume = {67},
  number = {},
  pages = {042302},
  numpages = {},
  year = {2003},
  month = {},
  doi = {},
  publisher = {}
}

@Article{AA.90, 
  title = {Geometry of quantum evolution},
  author = {J. Anandan and Y. Aharonov},
  journal = {Phys. Rev. Lett.},
  volume = {65},
  number = {},
  pages = {1697},
  numpages = {},
  year = {1990},
  month = {},
  doi = {},
  publisher = {}
}

@Article{RBKSC.04, 
  title = {},
  author = {M.J. Renes and R. Blume-Kohout and A.J. Scott and Carlton M. Caves},
  journal = {J. Math. Phys.},
  volume = {45},
  number = {},
  pages = {2171},
  numpages = {},
  year = {2004},
  month = {},
  doi = {},
  publisher = {}
}

@Article{Wa.09, 
  title = {},
  author = {X. Wang and Z. Sun and Z.D. Wang},
  journal = {Phys. Rev. A},
  volume = {79},
  number = {},
  pages = {012105},
  numpages = {},
  year = {2009},
  month = {},
  doi = {},
  publisher = {}
}

@Article{Yi.13, 
  title = {},
  author = {C. Yu and X.X. Yi and H. Song and H. Fan},
  journal = {Phys. Rev. A},
  volume = {87},
  number = {},
  pages = {022322},
  numpages = {},
  year = {2013},
  month = {},
  doi = {},
  publisher = {}
}

@Article{Br.11, 
  title = {},
  author = {M. Zych and F. Costa and I. Pikovski and Č. Brukner},
  journal = {Nat. Comm.},
  volume = {2},
  number = {},
  pages = {505},
  numpages = {},
  year = {2011},
  month = {},
  doi = {},
  publisher = {}
}

@Article{CR.17, 
  title = {},
  author = {E. Castro-Ruiz and F. Giacomini and Č. Brukner},
  journal = {PNAS},
  volume = {114},
  number = {},
  pages = {E2303-E2309},
  numpages = {},
  year = {2017},
  month = {},
  doi = {},
  publisher = {}
}

@Article{El.16, 
  title = {},
  author = {D.V. Else and B. Bauer and C. Nayak},
  journal = {Phys. Rev. Lett.},
  volume = {117},
  number = {},
  pages = {090402},
  numpages = {},
  year = {2016},
  month = {},
  doi = {},
  publisher = {}
}

@Article{Z.00, 
  title = {},
  author = {P. Zanardi and C. Zalka and L. Faoro},
  journal = {Phys. Rev. A},
  volume = {62},
  number = {},
  pages = {030301},
  numpages = {},
  year = {2000},
  month = {},
  doi = {},
  publisher = {}
}

@Article{N.03, 
  title = {},
  author = {M.A. Nielsen and others},
  journal = {Phys. Rev. A},
  volume = {67},
  number = {},
  pages = {052301},
  numpages = {},
  year = {2003},
  month = {},
  doi = {},
  publisher = {}
}

@Article{P.07, 
  title = {},
  author = {T. Prosen and I. Pi\~{z}orn},
  journal = {Phys. Rev. A},
  volume = {73},
  number = {},
  pages = {032316},
  numpages = {},
  year = {2007},
  month = {},
  doi = {},
  publisher = {}
}

@Article{M.13, 
  title = {},
  author = {M. Musz and M. Ku\'s and K. Zyczkowski},
  journal = {Phys. Rev. A},
  volume = {87},
  number = {},
  pages = {022111},
  numpages = {},
  year = {2013},
  month = {},
  doi = {},
  publisher = {}
}

@Book{Ro.04, 
  author = {C. Rovelli},
  year = {2004},
  title = {Quantum Gravity},
  organization = {Cambridge}
}

@Article{Ku.11, 
  title = {},
  author = {K.\ V.\ Kucha\~r},
  journal = {Int.\ J.\ Mod.\ Phys.\ D},
  volume = {20},
  number = {},
  pages = {3},
  numpages = {},
  year = {2011},
  month = {},
  doi = {},
  publisher = {}
}


@Article{Is.93, 
  title = {},
  author = {C.\ J.\ Isham},
  journal = {Int.\ J.\ Mod.\ Phys.\ D},
  volume = {20},
  number = {},
  pages = {157},
  numpages = {},
  year = {1993},
  month = {},
  doi = {},
  publisher = {Springer}
}

@Article{JT.11, 
  title = {},
  author = {J.\ Tamborino},
  journal = {SIGMA},
  volume = {8},
  number = {},
  pages = {017},
  numpages = {},
  year = {2012},
  month = {},
  doi = {},
  publisher = {}
}

@Article{Bo.11, 
  title = {},
  author = {M.\ Bojowald and P.\ A.\ H\"ohn and A.\ Tsobanjan},
  journal = {Phys.\ Rev.\ D },
  volume = {83},
  number = {},
  pages = {125023},
  numpages = {},
  year = {2011},
  month = {},
  doi = {},
  publisher = {}
}
 
@Article{Ho.12, 
  title = {},
  author = {P.\ A.\ H\"ohn and E.\ Kubalová and A.\ Tsobanjan},
  journal = {Phys. Rev. D },
  volume = {86},
  number = {},
  pages = {065014},
  numpages = {},
  year = {2012},
  month = {},
  doi = {},
  publisher = {}
}


@article{Moreva14,
  title = {Time from quantum entanglement: An experimental illustration},
  author = {Moreva, Ekaterina and Brida, Giorgio and Gramegna, Marco and Giovannetti, Vittorio and Maccone, Lorenzo and Genovese, Marco},
  journal = {Phys. Rev. A},
  volume = {89},
  issue = {5},
  pages = {052122},
  numpages = {6},
  year = {2014},
  month = {May},
  publisher = {American Physical Society},
  doi = {10.1103/PhysRevA.89.052122},
  url = {https://link.aps.org/doi/10.1103/PhysRevA.89.052122}
}


@article{Moreva17,
  title = {Quantum time: Experimental multitime correlations},
  author = {Moreva, Ekaterina and Gramegna, Marco and Brida, Giorgio and Maccone, Lorenzo and Genovese, Marco},
  journal = {Phys. Rev. D},
  volume = {96},
  issue = {10},
  pages = {102005},
  numpages = {6},
  year = {2017},
  month = {Nov},
  publisher = {American Physical Society},
  doi = {10.1103/PhysRevD.96.102005},
  url = {https://link.aps.org/doi/10.1103/PhysRevD.96.102005}
}

@article{La.17,
  title = {},
  author = { H.P. Laba and V.M. Tkachuk},
  journal = {Cond.  Matt. Phys.},
  volume = {20},
  issue = {},
  pages = {13003},
  numpages = {},
  year = {2017},
  month = {Nov},
  publisher = {},
  doi = {},
  url = {}
}

@Article{Bt.83, 
  title = {},
  author = {K. Battacharyya},
  journal = {J.\ Phys.\ A },
  volume = {16},
  number = {},
  pages = {2993},
  numpages = {},
  year = {1983},
  month = {},
  doi = {},
  publisher = {}
}

@Article{Ma.45, 
  title = {},
  author = {L.\ Mandelstam, I.\ Tamm},
  journal = {J. Phys. USSR},
  volume = {9},
  number = {},
  pages = {249},
  numpages = {},
  year = {1945},
  month = {},
  doi = {},
  publisher = {}
}

@article{Br.96,
author={D.C. Brody and L.P. Hughston},
title={},
journal={Phys. Rev. Lett.},
volume = {77},
pages={2851},
year={1996}
}

@Article{Wo.81, 
  title = {},
  author = {W.K. Wootters},
  journal = {Phys. Rev. D },
  volume = {23},
  number = {},
  pages = {357},
  numpages = {},
  year = {1981},
  month = {},
  doi = {},
  publisher = {}
}

%%%%%%%%%%%%%%% Pares %%%%%%%%%%%%%%%%%%

@Article{Am.08, 
  title = {},
  author = {L. Amico and R.  Fazio and A. Osterloh and V. Vedral},
  journal = {Rev. Mod. Phys.},
  volume = {80},
  number = {},
  pages = {517},
  numpages = {},
  year = {2008},
  month = {},
  doi = {},
  publisher = {}
}

@book{HR.06,
author={S. Haroche and J.M. Raimond},
year={2006},
title={ Exploring the Quantum},
organization={Oxford,  Univ. Press, Oxford, UK}
}

@Article{PC.04, 
  title = {},
  author = {D. Porras and J.I. Cirac},
  journal = {Phys. Rev. Lett.},
  volume = {92},
  number = {},
  pages = {207901},
  numpages = {},
  year = {2004},
  month = {},
  doi = {},
  publisher = {}
}

@Article{GA.14, 
  title = {},
  author = {I.M. Georgescu and S. Ashhab and F. Nori},
  journal = {Rev. Mod. Phys.},
  volume = {86},
  number = {},
  pages = {153},
  numpages = {},
  year = {2014},
  month = {},
  doi = {},
  publisher = {}
}



@Article{BR.12, 
  title = {},
  author = {R. Blatt and C.F. Roos},
  journal = { Nat. Phys.},
  volume = {8},
  number = {},
  pages = {277},
  numpages = {},
  year = {2012},
  month = {},
  doi = {},
  publisher = {}
}

@Article{SR.15, 
  title = {},
  author = {C. Senko and P. Richerme and J. Smith and A. Lee and I. Cohen and A. Retzker and C.Monroe},
  journal = {Phys. Rev. X},
  volume = {5},
  number = {},
  pages = {021026},
  numpages = {},
  year = {2015},
  month = {},
  doi = {},
  publisher = {}
}

@Article{B.16, 
  title = {},
  author = {R. Barends and others},
  journal = {Nature},
  volume = {534},
  number = {},
  pages = {222},
  numpages = {},
  year = {2016},
  month = {},
  doi = {},
  publisher = {}
}

@Article{B.13, 
  title = {},
  author = {R. Barends and others},
  journal = {Phys. Rev. Lett.},
  volume = {111},
  number = {},
  pages = {080502},
  numpages = {},
  year = {2013},
  month = {},
  doi = {},
  publisher = {}
}

@book{LS.12,
author={M. Lewenstein and A. Sanpera and V. Ahufinger},
year={2012},
title={Ultracold Atoms in Optical Lattices},
organization={Oxford,  Univ. Press, Oxford, UK}
}

@Article{Pr.75, 
  title = {},
  author = {J.H.H. Perk and H.W. Capel and M.J. Zuilhof and Th.J. Siskens},
  journal = {Phys. A},
  volume = {81},
  number = {},
  pages = {319},
  numpages = {},
  year = {1975},
  month = {},
  doi = {},
  publisher = {}
}

@Article{Pr.75b, 
  title = {},
  author = {Th.J. Siskens and H.W. Capel and J.H.H. Perk},
  journal = {Phys. Lett. A},
  volume = {53},
  number = {},
  pages = {21},
  numpages = {},
  year = {1975},
  month = {},
  doi = {},
  publisher = {}
}

@Article{Pr.77, 
  title = {},
  author = {J.H.H. Perk and H.W. Capel and Th.J. Siskens},
  journal = {Phys. A},
  volume = {89},
  number = {},
  pages = {304},
  numpages = {},
  year = {1977},
  month = {},
  doi = {},
  publisher = {}
}

@Article{Pr.78, 
  title = {},
  author = {J.H.H. Perk and H.W. Capel},
  journal = {Phys. A},
  volume = {92},
  number = {},
  pages = {163},
  numpages = {},
  year = {1978},
  month = {},
  doi = {},
  publisher = {}
}


@Article{Pr.09, 
  title = {},
  author = {J.H.H. Perk and H. Au-Yang},
  journal = {J. Stat. Phys.},
  volume = {135},
  number = {},
  pages = {599},
  numpages = {},
  year = {2009},
  month = {},
  doi = {},
  publisher = {}
}


@Article{FM.07, 
  title = {},
  author = {E.I. Kutznetsova and E.B. Fel'dman},
  journal = {JETP. Lett.},
  volume = {102},
  number = {},
  pages = {882},
  numpages = {},
  year = {2006},
  month = {},
  doi = {},
  publisher = {}
}

@Article{FM.07b, 
  title = {},
  author = {E.B. Fel'dman and M.G. Rudavets},
  journal = {JETP. Lett.},
  volume = {81},
  number = {},
  pages = {47},
  numpages = {},
  year = {2005},
  month = {},
  doi = {},
  publisher = {}
}

@Article{FM.07c, 
  title = {},
  author = {S.I. Doronin and A.N. Pyrkov and E.B. Fel'dman},
  journal = {JETP. Lett.},
  volume = {85},
  number = {},
  pages = {519},
  numpages = {},
  year = {2007},
  month = {},
  doi = {},
  publisher = {}
}

@Article{MG.69, 
  title = {},
  author = {C.K. Majundar and D.K. Gosh},
  journal = {J. Math. Phys.},
  volume = {10},
  number = {},
  pages = {1388},
  numpages = {},
  year = {1969},
  month = {},
  doi = {},
  publisher = {}
}

@Article{MG.69b, 
  title = {},
  author = {C.K. Majundar and D.K. Gosh},
  journal = {J. Math. Phys.},
  volume = {10},
  number = {},
  pages = {1399},
  numpages = {},
  year = {1969},
  month = {},
  doi = {},
  publisher = {}
}

@Article{MG.69c, 
  title = {},
  author = {B.S. Shastry and B. Sutherland},
  journal = {Phys. Rev. Lett.},
  volume = {47},
  number = {},
  pages = {964},
  numpages = {},
  year = {1981},
  month = {},
  doi = {},
  publisher = {}
}

@Article{S.05, 
  title = {},
  author = {H.J. Schmidt},
  journal = {J. Phys. A},
  volume = {38},
  number = {},
  pages = {2123},
  numpages = {},
  year = {2005},
  month = {},
  doi = {},
  publisher = {}
}

@Article{HH.11, 
  title = {},
  author = {J. Sirker and A. Herzog and A.M. Oles and P. Horsch},
  journal = {Phys. Rev. Lett.},
  volume = {101},
  number = {},
  pages = {157204},
  numpages = {},
  year = {2008},
  month = {},
  doi = {},
  publisher = {}
}

@Article{HH.11b, 
  title = {},
  author = {A. Herzog and P. Horsch and A.M. Oles and J. Sirker},
  journal = {Phys. Rev. B},
  volume = {84},
  number = {},
  pages = {134428},
  numpages = {},
  year = {2011},
  month = {},
  doi = {},
  publisher = {}
}

@Article{Mn.14, 
  title = {},
  author = {P. Merchant and B. Normand and K.W. Kramer and M. Boehm and D.F. McMorrow and Ch. Rüegg},
  journal = {Nature Phys.},
  volume = {10},
  number = {},
  pages = {373},
  numpages = {},
  year = {2014},
  month = {},
  doi = {},
  publisher = {}
}

@Article{BRCM.15, 
  title = {Pair entanglement in dimerized spin-s chains},
  author = {A. Boette and R. Rossignoli and N. Canosa and J.M. Matera},
  journal = {Phys. Rev. B},
  volume = {94},
  number = {},
  pages = {214403},
  numpages = {},
  year = {2016},
  month = {},
  doi = {10.1103/PhysRevB.94.214403},
  publisher = {American Physical Society}
}


@Article{LM.15, 
  title = {},
  author = {C.A. Lamas and J.M. Matera},
  journal = {Phys. Rev. B},
  volume = {92},
  number = {},
  pages = {115111},
  numpages = {},
  year = {2015},
  month = {},
  doi = {},
  publisher = {}
}

@Article{LM.15b, 
  title = {},
  author = {J.M. Matera and C.A. Lamas},
  journal = {J. Phys.: Condens. Matter},
  volume = {26},
  number = {},
  pages = {326004},
  numpages = {},
  year = {2014},
  month = {},
  doi = {},
  publisher = {}
}

@Article{ORSB.15, 
  title = {},
  author = {V. Ohanyan and O. Rojas and J. Stre\v cka and S. Bellucci},
  journal = {Phys. Rev. B},
  volume = {92},
  number = {},
  pages = {214423},
  numpages = {},
  year = {2015},
  month = {},
  doi = {},
  publisher = {}
}

@Article{ZZ.14, 
  title = {},
  author = {T. Ramos and H. Pichler and A.J. Daley and P. Zoller},
  journal = {Phys. Rev. Lett.},
  volume = {113},
  number = {},
  pages = {237203},
  numpages = {},
  year = {2014},
  month = {},
  doi = {},
  publisher = {}
}

@Article{ZZ.14b, 
  title = {},
  author = {A.W. Glaetzle and M. Damonte and R. Nath and C. Gross and I. Bloch and P. Zoller},
  journal = {Phys. Rev. Lett.},
  volume = {114},
  number = {},
  pages = {173002},
  numpages = {},
  year = {2015},
  month = {},
  doi = {},
  publisher = {}
}

@Article{ZZ.14c, 
  title = {},
  author = {I. Bloch and J. Dalibard and W. Zwerger},
  journal = {Rev. Mod. Phys.},
  volume = {80},
  number = {},
  pages = {885},
  numpages = {},
  year = {2006},
  month = {},
  doi = {},
  publisher = {}
}

@Article{VW.02, 
  title = {},
  author = {G. Vidal and R.F. Werner},
  journal = {Phys. Rev. A},
  volume = {65},
  number = {},
  pages = {032314},
  numpages = {},
  year = {2002},
  month = {},
  doi = {},
  publisher = {}
}


@Article{ZHSL.99, 
  title = {},
  author = {K. Zyczkowski and P. Horodecki and A. Sanpera and M. Lewenstein},
  journal = {Phys. Rev. A},
  volume = {58},
  number = {},
  pages = {883},
  numpages = {},
  year = {1998},
  month = {},
  doi = {},
  publisher = {}
}

@Article{ZHSL.99b, 
  title = {},
  author = {K. Zyczkowski},
  journal = {Phys. Rev. A},
  volume = {60},
  number = {},
  pages = {3496},
  numpages = {},
  year = {1999},
  month = {},
  doi = {},
  publisher = {}
}

@Article{SR.09, 
  title = {},
  author = {S. Rachel},
  journal = {Euro. Phys. Lett.},
  volume = {86},
  number = {},
  pages = {37005},
  numpages = {},
  year = {2009},
  month = {},
  doi = {},
  publisher = {}
}


@Article{MV.12, 
  title = {},
  author = {F. Michaud and F. Vernay and S.R. Manmana and F. Mila},
  journal = {Phys. Rev. Lett.},
  volume = {108},
  number = {},
  pages = {127202},
  numpages = {},
  year = {2012},
  month = {},
  doi = {},
  publisher = {}
}

@Article{MV.12b, 
  title = {},
  author = {M. Lajko and P. Sindzingre and K. Penc},
  journal = {Phys. Rev. Lett.},
  volume = {108},
  number = {},
  pages = {017205},
  numpages = {},
  year = {2012},
  month = {},
  doi = {},
  publisher = {}
}


@Article{KM.08, 
  title = {},
  author = {V. Karimipour and L. Memarzadeh},
  journal = {Phys. Rev. B},
  volume = {77},
  number = {},
  pages = {094416},
  numpages = {},
  year = {2008},
  month = {},
  doi = {},
  publisher = {}
}

@Article{RCM.09,
  title = {Factorization and entanglement in general XYZ spin arrays in non-uniform transverse fields},
  author = {R. Rossignoli  and N. Canosa and J. M. Matera},
  journal = {Phys. Rev. A},
  volume = {80},
  number = {},
  pages = {062325},
  numpages = {},
  year = {2009},
  month = {},
  doi = {10.1103/PhysRevA.80.062325},
  publisher = {American Physical Society}
}


% Encoding: UTF-8

@Book{Bringhurst12,
  title     = {The Elements of Typographic Style},
  publisher = {Hartley \& Marks Publishers},
  year      = {2012},
  author    = {Robert Bringhurst},
  address   = {Vancouver, British Columbia, Canada},
  edition   = {4},
}

@Book{Tufte01,
  title     = {The visual display of quantitative information},
  publisher = {Graphics Press},
  year      = {2001},
  author    = {Edward R. Tufte},
  address   = {Chesh\-ire, CT, USA},
  edition   = {2},
}

@Book{Tufte90,
  title     = {Envisioning information},
  publisher = {Graphics Press},
  year      = {1990},
  author    = {Tufte, Edward R.},
  address   = {Chesh\-ire, CT, USA},
}

@Comment{jabref-meta: databaseType:bibtex;}


%%%%%%%%%%%%%%%%%%%%%%%%%%%%%%%%%%%%%%%%%%%%%%%%%%%%%%%%%
% Moduladores espaciales de luz-Qudits espaciales con SLMs

@article{solis2013, 
author = {Sol\'is-Prosser, M. A. and Arias, A. and Varga, J. J. M. and Reb\'on, L. and Ledesma, S. and Iemmi,  C. and Neves, L.}, 
journal = {Opt. Lett.}, 
keywords = {Diffraction gratings; Spatial light modulators; Quantum information and processing},
number = {22}, 
pages = {4762--4765}, 
publisher = {OSA},
title = {Preparing arbitrary pure states of spatial qudits with a single phase-only spatial light modulator},
volume = {38}, 
month = {Nov},
year = {2013},
url = {http://ol.osa.org/abstract.cfm?URI=ol-38-22-4762},
doi = {10.1364/OL.38.004762},
}

@article{varga2014,
  author={Varga, J. J. M. and Reb\'on, L. and Sol\'is-Prosser, M. A. and Neves, L. and Ledesma, S. and Iemmi, C.},
  title={Optimized generation of spatial qudits by using a pure phase spatial light modulator},
  journal={Journal of Physics B: Atomic, Molecular and Optical Physics},
  volume={47},
  number={22},
  pages={225504},
  url={http://stacks.iop.org/0953-4075/47/i=22/a=225504},
  year={2014},
  }
  
@article{marquez2001,
author = {M\'arquez, A. and Iemmi, C. and Moreno, I. and Davis, J. A. and Campos, J. and Yzuel, M. J.},
title = {Quantitative prediction of the modulation behavior of twisted nematic liquid crystal displays based on a simple physical model},
journal = {Optical Engineering},
volume = {40},
number = {11},
pages = {2558-2564},
year = {2001},
isbn = {0091-3286},
doi = {10.1117/1.1412228},
URL = { http://dx.doi.org/10.1117/1.1412228},
eprint = {}
}

@article{marquez2008, 
author = {M\'arquez, A. and Moreno, I. and Iemmi, C. and Lizana, A. and Campos, J. and Yzuel, M. J.}, 
journal = {Opt. Express}, 
keywords = {Displays; Polarimetry; Liquid-crystal devices; Spatial light modulators},
number = {3}, 
pages = {1669--1685}, 
publisher = {OSA},
title = {Mueller-Stokes characterization and optimization of a liquid crystal on silicon display showing depolarization}, 
volume = {16}, 
month = {Feb},
year = {2008},
url = {http://www.opticsexpress.org/abstract.cfm?URI=oe-16-3-1669},
doi = {10.1364/OE.16.001669},
}

@article{lizana2008, 
author = {Lizana, A. and Moreno, I. and M\'{a}rquez, A. and Iemmi, C. and Fern\'{a}ndez, E. and Campos, J. and Yzuel, M. J.}, 
journal = {Opt. Express}, 
keywords = {Phase shift; Displays; Liquid-crystal devices; Spatial light modulators},
number = {21}, 
pages = {16711--16722}, 
publisher = {OSA},
title = {Time fluctuations of the phase modulation in a liquid crystal on silicon display: characterization and effects in diffractive optics}, 
volume = {16}, 
month = {Oct},
year = {2008},
url = {http://www.opticsexpress.org/abstract.cfm?URI=oe-16-21-16711},
doi = {10.1364/OE.16.016711},
}

%%%%%%%%%%Pseudo-photon sources%%%
@Article{Malik2014,
   author = {Malik, M. and Mirhosseini, M. and Lavery, M. P. J. and 
	Leach, J. and Padgett, M. J. and Boyd, R. W.},
    title = {Direct measurement of a 27-dimensional orbital-angular-momentum state vector},
  journal = {Nature Communications},
     year = {2014},
    month = {Jan},
   volume = {5},
      eid = {3115},
    pages = {3115},
     doi = {10.1038/ncomms4115},
   url = {http://dx.doi.org/10.1038/ncomms4115}
}


%%%%%%%%%%%%%%%%%%%%%%%%%%%%%%%%%%%%%%%%%%%%%%%%%%%%%%%%%
% Qudits espaciales con SLMs

@Article{solis2013, 
author = {Sol\'is-Prosser, M. A. and Arias, A. and Varga, J. J. M. and Reb\'on, L. and Ledesma, S. and Iemmi,  C. and Neves, L.}, 
journal = {Opt. Lett.}, 
keywords = {Diffraction gratings; Spatial light modulators; Quantum information and processing},
number = {22}, 
pages = {4762--4765}, 
publisher = {OSA},
title = {Preparing arbitrary pure states of spatial qudits with a single phase-only spatial light modulator},
volume = {38}, 
month = {Nov},
year = {2013},
doi = {10.1364/OL.38.004762},
url = {http://ol.osa.org/abstract.cfm?URI=ol-38-22-4762}
}

@Article{varga2014,
  author={Varga, J. J. M. and Reb\'on, L. and Sol\'is-Prosser, M. A. and Neves, L. and Ledesma, S. and Iemmi, C.},
  title={Optimized generation of spatial qudits by using a pure phase spatial light modulator},
  journal={Journal of Physics B: Atomic, Molecular and Optical Physics},
  volume={47},
  number={22},
  pages={225504},
  year={2014},
  url={http://stacks.iop.org/0953-4075/47/i=22/a=225504}
  }
%%%%
% Moduladores espaciales de luz-

@Article{marquez2001,
author = {M\'arquez, A. and Iemmi, C. and Moreno, I. and Davis, J. A. and Campos, J. and Yzuel, M. J.},
title = {Quantitative prediction of the modulation behavior of twisted nematic liquid crystal displays based on a simple physical model},
journal = {Optical Engineering},
volume = {40},
number = {11},
pages = {2558-2564},
year = {2001},
isbn = {0091-3286},
doi = {10.1117/1.1412228},
URL = {http://dx.doi.org/10.1117/1.1412228}
}

@Article{marquez2008, 
author = {M\'arquez, A. and Moreno, I. and Iemmi, C. and Lizana, A. and Campos, J. and Yzuel, M. J.}, 
journal = {Opt. Express}, 
keywords = {Displays; Polarimetry; Liquid-crystal devices; Spatial light modulators},
number = {3}, 
pages = {1669--1685}, 
title = {Mueller-Stokes characterization and optimization of a liquid crystal on silicon display showing depolarization}, 
volume = {16}, 
month = {Feb},
year = {2008},
doi = {10.1364/OE.16.001669},
url = {http://www.opticsexpress.org/abstract.cfm?URI=oe-16-3-1669},
publisher = {OSA}
}

@Article{lizana2008, 
author = {Lizana, A. and Moreno, I. and M\'{a}rquez, A. and Iemmi, C. and Fern\'{a}ndez, E. and Campos, J. and Yzuel, M. J.}, 
journal = {Opt. Express}, 
keywords = {Phase shift; Displays; Liquid-crystal devices; Spatial light modulators},
number = {21}, 
pages = {16711--16722}, 
publisher = {OSA},
title = {Time fluctuations of the phase modulation in a liquid crystal on silicon display: characterization and effects in diffractive optics}, 
volume = {16}, 
month = {Oct},
year = {2008},
doi = {10.1364/OE.16.016711},
url = {http://www.opticsexpress.org/abstract.cfm?URI=oe-16-21-16711}
}
%%%%%%%%%%%%%%%  SLM para espacio-polarización   %%%%%%%%%%%%%%%%

@article{lemos2014,
  title={Characterization of a spatial light modulator as a polarization quantum channel},
  author={Lemos, G Barreto and De Almeida, JO and Walborn, SP and Ribeiro, PH Souto and Hor-Meyll, M},
  journal={Physical Review A},
  volume={89},
  number={4},
  pages={042119},
  year={2014},
  publisher={APS}
}

%%%%%% Tema:    Caracterización de qubits-qudits

@Article{james2001,
  title = {Measurement of qubits},
  author = {James, Daniel F. V. and Kwiat, Paul G. and Munro, William J. and White, Andrew G.},
  journal = {Phys. Rev. A},
  volume = {64},
  issue = {5},
  pages = {052312},
  numpages = {15},
  year = {2001},
  month = {Oct},
  doi = {10.1103/PhysRevA.64.052312},
  url = {https://link.aps.org/doi/10.1103/PhysRevA.64.052312},
  publisher = {American Physical Society}
}

@Article{QPS17,
  title = {Determination of any pure spatial qudits from a minimum number of measurements by phase-stepping interferometry},
  author = {Pears Stefano, Quimey and Reb\'on, Lorena and Ledesma, Silvia and Iemmi, Claudio},
  journal = {Phys. Rev. A},
  volume = {96},
  issue = {6},
  pages = {062328},
  numpages = {5},
  year = {2017},
  month = {Dec},
  publisher = {American Physical Society},
  doi = {10.1103/PhysRevA.96.062328},
  url = {https://link.aps.org/doi/10.1103/PhysRevA.96.062328}
}


@Article{Sch.18, 
  title = {},
  author = {A. Schild},
  journal = {arXiv:1808.04643},
  volume = {},
  number = {},
  pages = {},
  numpages = {},
  year = {2018},
  month = {},
  doi = {},
  publisher = {}
}


@Article{Hoe.18, 
  title = {},
  author = {P. A. Hoehn and A. Vanrietvelde},
  journal = {arXiv:1810.04153},
  volume = {},
  number = {},
  pages = {},
  numpages = {},
  year = {2018},
  month = {},
  doi = {},
  publisher = {}
}


@Article{Ma.18, 
  title = {},
  author = {T. Martinelli and D. O. Soares-Pinto},
  journal = {arXiv:1808.04209},
  volume = {},
  number = {},
  pages = {},
  numpages = {},
  year = {2018},
  month = {},
  doi = {},
  publisher = {}
}

%%%%%%%%%%%%%%%%%%%%%%%%%%

@article{La.15,
  title = {Dimerized ground states in $\text{spin}\ensuremath{-}S$ frustrated systems},
  author = {Lamas, C. A. and Matera, J. M.},
  journal = {Phys. Rev. B},
  volume = {92},
  issue = {11},
  pages = {115111},
  numpages = {10},
  year = {2015},
  month = {Sep},
  publisher = {American Physical Society},
  doi = {10.1103/PhysRevB.92.115111},
  url = {https://link.aps.org/doi/10.1103/PhysRevB.92.115111}
}

@article{La.14,
  author={J M Matera and C A Lamas},
  title={Phase diagram study of a dimerized spin-S zig–zag ladder},
  journal={Journal of Physics: Condensed Matter},
  volume={26},
  number={32},
  pages={326004},
  url={http://stacks.iop.org/0953-8984/26/i=32/a=326004},
  year={2014}
}
	
@article{Lu.96,
author = {Shih-Yau Lu and Russell A. Chipman},
journal = {J. Opt. Soc. Am. A},
keywords = {Algorithms; Depolarization; Mueller matrices; Polarization; Polarizers; Wave plates},
number = {5},
pages = {1106--1113},
publisher = {OSA},
title = {Interpretation of Mueller matrices based on polar decomposition},
volume = {13},
month = {May},
year = {1996},
url = {http://josaa.osa.org/abstract.cfm?URI=josaa-13-5-1106},
doi = {10.1364/JOSAA.13.001106}
% abstract = {We present an algorithm that decomposes a Mueller matrix into a sequence of three matrix factors: a diattenuator, followed by a retarder, then followed by a depolarizer. Those factors are unique except for singular Mueller matrices. Based on this decomposition, the diattenuation and the retardance of a Mueller matrix can be defined and computed. Thus this algorithm is useful for performing data reduction upon experimentally determined Mueller matrices.},
}

@Article{DJ.02,
  title = {In-plane dipole coupling anisotropy of a square ferromagnetic Heisenberg monolayer},
  author = {Dantziger, M. and Glinsmann, B. and Scheffler, S. and Zimmermann, B. and Jensen, P. J.},
  journal = {Phys. Rev. B},
  volume = {66},
  issue = {9},
  pages = {094416},
  numpages = {6},
  year = {2002},
  month = {Sep},
  publisher = {American Physical Society},
  doi = {10.1103/PhysRevB.66.094416},
  url = {https://link.aps.org/doi/10.1103/PhysRevB.66.094416}
}

@Article{Y.09,
  title = {Correlated cluster mean-field theory for spin systems},
  author = {Yamamoto, Daisuke},
  journal = {Phys. Rev. B},
  volume = {79},
  issue = {14},
  pages = {144427},
  numpages = {9},
  year = {2009},
  month = {Apr},
  publisher = {American Physical Society},
  doi = {10.1103/PhysRevB.79.144427},
  url = {https://link.aps.org/doi/10.1103/PhysRevB.79.144427}
}

@article{E.04,
  title = {Generalized boundary conditions for periodic lattice systems: Application to the two-dimensional Ising model on a square lattice},
  author = {Etxebarria, I. and Elcoro, L. and Perez-Mato, J. M.},
  journal = {Phys. Rev. E},
  volume = {70},
  issue = {6},
  pages = {066133},
  numpages = {7},
  year = {2004},
  month = {Dec},
  publisher = {American Physical Society},
  doi = {10.1103/PhysRevE.70.066133},
  url = {https://link.aps.org/doi/10.1103/PhysRevE.70.066133}
}

@article {BPW.35,
	title = {Statistical theory of superlattices},
	volume = {150},
	number = {871},
	pages = {552--575},
	year = {1935},
	doi = {10.1098/rspa.1935.0122},
	publisher = {The Royal Society},
	issn = {0080-4630},
	URL = {http://rspa.royalsocietypublishing.org/content/150/871/552},
	eprint = {http://rspa.royalsocietypublishing.org/content/150/871/552.full.pdf},
	journal = {Proceedings of the Royal Society of London A: Mathematical, Physical and Engineering Sciences}
}

%%%%%%%%%%%%%%%%%%%%%%%%%%%%%%%%%%%%
